@article{Vasudevan2004DesignNetworks,
    title = {{Design and analysis of a leader election algorithm for mobile ad hoc networks}},
    year = {2004},
    journal = {{\ldots}  Protocols, 2004. ICNP 2004. Proceedings of  {\ldots}},
    author = {Vasudevan, S and Kurose, J and Towsley, D},
    url = {/citations?view{\_}op=view{\_}citation{\&}continue=/scholar{\%}3Fhl{\%}3Den{\%}26as{\_}sdt{\%}3D0,36{\%}26scilib{\%}3D1{\&}citilm=1{\&}citation{\_}for{\_}view=VrgZNucAAAAJ:Y0pCki6q{\_}DkC{\&}hl=en{\&}oi=p}
}

@article{Toris2014MessageRobots,
    title = {{Message authentication codes for secure remote non-native client connections to ROS enabled robots}},
    year = {2014},
    journal = {{\ldots}  for Practical Robot Applications (TePRA), 2014  {\ldots}},
    author = {Toris, R and Shue, C and Chernova, S},
    url = {/citations?view{\_}op=view{\_}citation{\&}continue=/scholar{\%}3Fhl{\%}3Den{\%}26as{\_}sdt{\%}3D0,36{\%}26scilib{\%}3D1{\&}citilm=1{\&}citation{\_}for{\_}view=VrgZNucAAAAJ:zYLM7Y9cAGgC{\&}hl=en{\&}oi=p}
}

@article{Quigley2009ROS:System,
    title = {{ROS: an open-source Robot Operating System}},
    year = {2009},
    journal = {ICRA workshop on open  {\ldots}},
    author = {Quigley, M and Conley, K and Gerkey, B and Faust, J},
    url = {/citations?view{\_}op=view{\_}citation{\&}continue=/scholar{\%}3Fhl{\%}3Den{\%}26as{\_}sdt{\%}3D0,36{\%}26scilib{\%}3D1{\&}citilm=1{\&}citation{\_}for{\_}view=VrgZNucAAAAJ:IjCSPb-OGe4C{\&}hl=en{\&}oi=p}
}

@article{Lidowski2009AMission,
    title = {{A novel communications protocol using geographic routing for swarming uavs performing a search mission}},
    year = {2009},
    journal = {Pervasive Computing and Communications, {\ldots}},
    author = {Lidowski, RL and Mullins, BE and Baldwin, RO},
    url = {/citations?view{\_}op=view{\_}citation{\&}continue=/scholar{\%}3Fhl{\%}3Den{\%}26as{\_}sdt{\%}3D0,36{\%}26scilib{\%}3D1{\&}citilm=1{\&}citation{\_}for{\_}view=VrgZNucAAAAJ:qjMakFHDy7sC{\&}hl=en{\&}oi=p}
}

@article{Avila-Rosales2009RecentEstimator,
    title = {{Recent experience with a hybrid SCADA/PMU on-line state estimator}},
    year = {2009},
    journal = {Power {\&} Energy Society  {\ldots}},
    author = {Avila-Rosales, R and Rice, MJ and Giri, J and Beard, L and Galvan, F},
    url = {/citations?view{\_}op=view{\_}citation{\&}continue=/scholar{\%}3Fhl{\%}3Den{\%}26as{\_}sdt{\%}3D0,36{\%}26scilib{\%}3D1{\&}citilm=1{\&}citation{\_}for{\_}view=VrgZNucAAAAJ:9yKSN-GCB0IC{\&}hl=en{\&}oi=p}
}

@article{Hopkinson2006EPOCHS:Components,
    title = {{EPOCHS: a platform for agent-based electric power and communication simulation built from commercial off-the-shelf components}},
    year = {2006},
    journal = {Power Systems, IEEE  {\ldots}},
    author = {Hopkinson, K and Wang, X and Giovanini, R and Thorp, J},
    url = {/citations?view{\_}op=view{\_}citation{\&}continue=/scholar{\%}3Fhl{\%}3Den{\%}26as{\_}sdt{\%}3D0,36{\%}26scilib{\%}3D1{\&}citilm=1{\&}citation{\_}for{\_}view=VrgZNucAAAAJ:d1gkVwhDpl0C{\&}hl=en{\&}oi=p}
}

@article{Pecarina2015ObservationLogs,
    title = {{Observation and mitigation of causal re-ordering in distributed business process logs}},
    year = {2015},
    journal = {Collaboration Technologies and Systems (CTS), 2015  {\ldots}},
    author = {Pecarina, J and Fu, M and Liu, JC},
    url = {/citations?view{\_}op=view{\_}citation{\&}continue=/scholar{\%}3Fhl{\%}3Den{\%}26as{\_}sdt{\%}3D0,36{\%}26scilib{\%}3D1{\&}citilm=1{\&}citation{\_}for{\_}view=VrgZNucAAAAJ:u-x6o8ySG0sC{\&}hl=en{\&}oi=p}
}

@article{Rahimian2011Vitis:Networks,
    title = {{Vitis: A gossip-based hybrid overlay for internet-scale publish/subscribe enabling rendezvous routing in unstructured overlay networks}},
    year = {2011},
    journal = {Parallel {\&} Distributed {\ldots}},
    author = {Rahimian, Fatemeh and Girdzijauskas, S and Payberah, AH and Haridi, S},
    pages = {746--757},
    publisher = {Ieee},
    url = {http://ieeexplore.ieee.org/lpdocs/epic03/wrapper.htm?arnumber=6012885{\textbackslash}nhttp://ieeexplore.ieee.org/xpls/abs{\_}all.jsp?arnumber=6012885 /citations?view{\_}op=view{\_}citation{\&}continue=/scholar{\%}3Fhl{\%}3Den{\%}26as{\_}sdt{\%}3D0,36{\%}26scilib{\%}3D1{\&}citilm=1{\&}citation{\_}for{\_}view=VrgZNu},
    isbn = {978-1-61284-372-8},
    doi = {10.1109/IPDPS.2011.75},
    issn = {1530-2075}
}

@misc{InternetChallenges,
    title = {{Internet of Things - New security and privacy challenges}},
    url = {http://www.researchgate.net/profile/Rolf{\_}Weber3/publication/222708179{\_}Internet{\_}of{\_}Things{\_}{\_}New{\_}security{\_}and{\_}privacy{\_}challenges/links/0c96053cab03fee371000000.pdf}
}

@misc{SecurityThings,
    title = {{Security in the Internet of Things}},
    url = {http://www.windriver.com/whitepapers/security-in-the-internet-of-things/wr{\_}security-in-the-internet-of-things.pdf}
}

@misc{BewareWorld,
    title = {{Beware the ticking Internet of Things security time bomb | Network World}},
    url = {http://www.networkworld.com/article/2921004/internet-of-things/beware-the-ticking-internet-of-things-security-time-bomb.html}
}

@misc{WhoThings,
    title = {{Who Will Step Up To Secure The Internet Of Things?}},
    url = {http://techcrunch.com/2015/10/02/who-will-step-up-to-secure-the-internet-of-things/}
}

@book{KuroseCOMPUTERApproach,
    title = {{COMPUTER NETWORKING A Top-Down Approach}},
    author = {Kurose, James F and Ross, Keith W},
    isbn = {9780132856201}
}

@book{Kleinberg2005AlgorithmDesign,
    title = {{Algorithm Design}},
    year = {2005},
    booktitle = {Pearson Education India},
    author = {Kleinberg, Jon and Tardos, Éva},
    pages = {864},
    volume = {1},
    url = {http://www.amazon.com/dp/0321295358},
    isbn = {0321295358},
    doi = {10.1002/ajp.1350280307},
    issn = {02752565}
}

@misc{IoTHigginbotham,
    title = {{IoT Podcast | with Stacey Higginbotham}},
    url = {http://iotpodcast.com/}
}

@misc{Farstuff:Things,
    title = {{Farstuff: The IoT Podcast - The podcast for makers and fans of the Internet of Things}},
    url = {http://farstuff.com/}
}

@book{2015AtIdeas,
    title = {{At Google, Breathing Room for New Ideas}},
    year = {2015},
    url = {http://www.wsj.com/article{\_}email/at-google-breathing-room-for-new-ideas-1443729244-lMyQjAxMTA1MjAwMTAwNDE0Wj}
}

@book{DirectCustomers,
    title = {{Direct Energy to offer Nest thermostats to new Ohio customers}},
    publisher = {bizjournals.com},
    url = {http://www.bizjournals.com/columbus/blog/2014/05/direct-energy-to-offer-nest-thermostats-to-new.html?page=all}
}

@book{Patel2013FireDetector,
    title = {{Fire drill: can Tony Fadell and Nest build a better smoke detector?}},
    year = {2013},
    author = {Patel, Nilay},
    publisher = {Vox Media},
    url = {http://www.theverge.com/2013/10/8/4790896/nest-protect-smoke-detector}
}

@book{NestBill,
    title = {{Nest smart thermostat comes to nPower, cools your energy bill}},
    publisher = {cnet.com},
    url = {http://www.cnet.com/uk/news/nest-smart-thermostat-now-on-npower-turns-up-the-heat-on-your-energy-bill/}
}

@book{NestPackage,
    title = {{Nest Partners With Direct Energy to Offer Smart Home Utility Service Package}},
    publisher = {mashable.com},
    url = {http://mashable.com/2014/05/15/nest-partners-with-direct-energy-to-offer-energy-saving-deal/}
}

@book{SayCam,
    title = {{Say hello to Nest Cam}},
    url = {https://nest.com/blog/2015/06/17/say-hello-to-nest-cam/}
}

@book{WhereProtect,
    title = {{Where can I buy the black Nest Protect?}},
    url = {https://nest.com/support/article/Where-can-I-buy-the-black-Nest-Protect}
}

@book{Levy2013NestVoice,
    title = {{Nest Gives the Lowly Smoke Detector a Brain — And a Voice}},
    year = {2013},
    author = {Levy, Steven},
    publisher = {Cond{\'{e}} Nast},
    url = {http://www.wired.com/business/2013/10/nest-smoke-detector/all/}
}

@book{2014NestAlert,
    title = {{Nest Labs Recalls to Repair Nest Protect Smoke + CO Alarms Due to Failure to Sound Alert}},
    year = {2014},
    publisher = {CPSC.gov},
    url = {http://www.cpsc.gov/en/Recalls/2014/Nest-Labs-Recalls-to-Repair-Nest-Protect-Smoke-CO-Alarms/}
}

@book{2014IsPage,
    title = {{Is Tony Fadell the next Steve Jobs.. or Larry Page?}},
    year = {2014},
    url = {http://fortune.com/2014/06/12/tony-fadell-nest/}
}

@book{Nest=,
    title = {{Nest meets Hue =}},
    publisher = {Phillips}
}

@book{WinkNest,
    title = {{Wink + Nest}},
    url = {http://www.wink.com/products/nest-learning-thermostat/}
}

@book{2014GoogleNest,
    title = {{Google to Acquire Nest}},
    year = {2014},
    publisher = {Google},
    url = {https://investor.google.com/releases/2014/0113.html}
}

@book{AugustNest,
    title = {{August Smart Lock Now Works with Nest}},
    url = {http://blog.august.com/2015/01/05/workswithnest/}
}

@book{LGNest,
    title = {{LG HomeChat Works with Nest}},
    publisher = {LG},
    url = {http://www.lghomechat.com/us/{\#}nest}
}

@book{Wollman2014GoogleIOS,
    title = {{Google acquires Nest's line of home automation products for {\$}3.2 billion, pledges continued support for iOS}},
    year = {2014},
    author = {Wollman, Dana},
    publisher = {Engadget},
    url = {http://www.engadget.com/2014/01/13/google-acquires-nest/}
}

@book{MyQNest,
    title = {{MyQ works with Nest}},
    publisher = {Chamberlain},
    url = {http://www.chamberlain.com/nest-thermostat-partnership}
}

@book{BeepNest,
    title = {{Beep works with Nest}},
    url = {http://static.thisisbeep.com/nest/}
}

@article{Winkler2014GoogleLabs,
    title = {{Google Pays {\$}3.2 Billion for Nest Labs}},
    year = {2014},
    journal = {The Wall Street Journal},
    author = {Winkler, Rolfe and Wakabayashi, Daisuke}
}

@book{IntegrateComfort,
    title = {{Integrate Comfort}},
    url = {https://mykevo.com/works-with-nest}
}

@book{WhenDark,
    title = {{When it comes to security, you shouldn’t be in the dark}},
    url = {http://www.lifx.com/pages/works-with-nest}
}

@book{Constine2014Who200M,
    title = {{Who Gets Rich From Google Buying Nest? Kleiner Returns 20X On {\$}20M, Shasta Nets {\~{}}{\$}200M}},
    year = {2014},
    author = {Constine, Josh},
    publisher = {''TechCrunch''},
    url = {http://techcrunch.com/2014/01/13/nest-investors-strike-it-rich/}
}

@book{TheNest,
    title = {{The Lightify Gateway Works with Nest}},
    publisher = {Osram},
    url = {http://osram-americas.com/en-us/lightify/Pages/default.aspx}
}

@book{Leaf,
    title = {{Leaf}},
    url = {http://apps.getpebble.com/en{\_}US/application/52ccd42551a80d792600002c}
}

@book{Oreskovic2014KleinerReuters,
    title = {{Kleiner Perkins, Shasta Ventures make about 20x their money on Nest Labs – Reuters}},
    year = {2014},
    author = {Oreskovic, Alexei and Gupta, Poornima},
    publisher = {PEHub},
    url = {http://www.pehub.com/2014/01/kleiner-perkins-shasta-ventures-make-about-20x-their-money-on-nest-labs-reuters/}
}

@book{Brinks2012NestInfringement,
    title = {{Nest Counters Honeywell Allegations of Patent Infringement}},
    year = {2012},
    author = {Brinks, Kate},
    publisher = {Nest.com},
    url = {http://nest.com/press/nest-counters-honeywell-allegations-of-patent-infringement/}
}

@book{WallyNest,
    title = {{Wally works with Nest}},
    url = {http://www.wallyhome.com/works-with-nest/}
}

@book{Ajmera2014GooglesMillion,
    title = {{Google's Nest to buy Dropcam for {\$}555 million}},
    year = {2014},
    author = {Ajmera, Ankit},
    publisher = {Reuters},
    url = {http://www.reuters.com/article/2014/06/22/us-google-nest-dropcam-idUSKBN0EW02820140622}
}

@book{2013AllureLabs,
    title = {{Allure Energy Files Patent Infringement Lawsuit against Nest Labs}},
    year = {2013},
    publisher = {Business Wire},
    url = {http://www.businesswire.com/news/home/20130515006868/en/Allure-Energy-Files-Patent-Infringement-Lawsuit-Nest}
}

@book{OomaNest,
    title = {{Ooma Works with Nest}},
    url = {http://ooma.com/nest/}
}

@book{2014HeresNow,
    title = {{Here's How Nest Will Work Together With Your Dropcam Now}},
    year = {2014},
    publisher = {Gizmodo},
    url = {http://gizmodo.com/heres-how-nest-will-work-together-with-your-dropcam-now-1632364518}
}

@book{2013NestVentures,
    title = {{Nest Enters Into Patent Sale Agreement and License Agreement with Intellectual Ventures}},
    year = {2013},
    publisher = {Intellectual Ventures},
    url = {http://www.intellectualventures.com/index.php/news/press-releases/nest-enters-into-patent-sale-agreement-and-license-agreement-with-intellect}
}

@book{Alliances,
    title = {{Alliances}},
    publisher = {Lutron},
    url = {http://www.casetawireless.com/Pages/Alliances.aspx}
}

@book{2014NestIreland,
    title = {{Nest Learning Thermostat and Nest Protect: Smoke + Carbon Monoxide Alarm Coming to France, Netherlands, Belgium and Ireland}},
    year = {2014},
    publisher = {Business Wire},
    url = {http://www.businesswire.com/news/home/20140906005002/en/Nest-Learning-Thermostat-Nest-Protect-Smoke-Carbon{\#}.VA7bovl{\_}t8E}
}

@book{2013FirstVents,
    title = {{First Alert sues Nest over smoke detector patents on voice alerts and vents}},
    year = {2013},
    publisher = {The Verge},
    url = {http://www.theverge.com/2013/11/19/5122056/smoke-detector-company-sues-nest-over-voice-alerts-and-vents}
}

@book{2015IntroducingChannels,
    title = {{Introducing the Nest Thermostat and Nest Protect Channels}},
    year = {2015},
    url = {http://blog.ifttt.com/post/89799971303/introducing-the-nest-thermostat-and-nest-protect}
}

@book{2015NestDetector,
    title = {{Nest announces Nest Cam, new Protect smoke detector}},
    year = {2015},
    publisher = {Mashable},
    url = {http://mashable.com/2015/06/17/nest-2015-refresh/}
}

@book{GoogleNest,
    title = {{Google Nest}}
}

@book{TheNestb,
    title = {{The Rachio Iro works with Nest}},
    url = {https://rachio.com/works-with-nest}
}

@book{GoogleRestructuring,
    title = {{Google to be publicly traded under Alphabet Inc. in planned restructuring}},
    url = {http://www.cbc.ca/news/technology/google-to-be-publicly-traded-under-alphabet-inc-in-planned-restructuring-1.3186244}
}

@book{Mercedes-BenzNest,
    title = {{Mercedes-Benz works with Nest}}
}

@book{HullingerHowProducts,
    title = {{How activists fooled the internet with these convincing new Google Nest products}},
    author = {Hullinger, Jessica},
    publisher = {Fast Company},
    url = {http://www.fastcocreate.com/3030418/how-activists-fooled-the-internet-with-these-convincing-new-google-nest-products}
}

@article{Pogue2011AClunky,
    title = {{A Thermostat That’s Clever, Not Clunky}},
    year = {2011},
    author = {Pogue, David},
    url = {http://www.nytimes.com/2011/12/01/technology/personaltech/nest-learning-thermostat-sets-a-standard-david-pogue.html}
}

@book{WorksNest,
    title = {{Works With Nest}},
    url = {http://www.bigassfans.com/for-home/haiku/workswithnest/}
}

@book{HuetGoogleFuture,
    title = {{Google Nest Spoof By German Activists Promises Eerie, Data-Driven Future}},
    author = {Huet, Ellen},
    publisher = {Forbes},
    url = {http://www.forbes.com/sites/ellenhuet/2014/05/07/google-nest-spoof-by-german-activists-promises-eerie-data-driven-future/}
}

@book{HowNest,
    title = {{How do I know if my heating and cooling system works with Nest?}},
    publisher = {Support.nest.com},
    url = {http://support.nest.com/article/How-do-I-know-if-my-heating-and-cooling-system-works-with-Nest}
}

@book{ConnectCar,
    title = {{Connect your Nest Thermostat and your car}},
    url = {https://www.automatic.com/apps/nest/}
}

@book{Etherington2014GoogleGiant,
    title = {{Google Nest Parody Protest Site Holds A Funhouse Mirror Up To The Search Giant}},
    year = {2014},
    author = {Etherington, Darrell},
    publisher = {Tech Crunch},
    url = {http://techcrunch.com/2014/05/07/google-nest-parody-protest-site-holds-a-funhouse-mirror-up-to-the-search-giant/}
}

@book{T200477US,
    title = {{T200477 (Canadian) vs T200577 (US)?}},
    publisher = {community.nest.com},
    url = {https://community.nest.com/message/8880}
}

@book{InsteonNest,
    title = {{Insteon works with Nest}},
    url = {http://www.insteon.com/works-with-nest}
}

@book{Mullin2014GoogleSite,
    title = {{Google scolded for "polite trademark bullying" of parody site}},
    year = {2014},
    author = {Mullin, Joe},
    publisher = {Ars Technica},
    url = {http://arstechnica.com/tech-policy/2014/05/google-scolded-for-polite-trademark-bullying-of-parody-site/}
}

@book{PartnerNest,
    title = {{Partner Apps: Nest}},
    url = {http://www2.withings.com/us/en/with-withings/app/nest?}
}

@book{T200377T200677,
    title = {{T200377 vs T200677?}},
    publisher = {community.nest.com},
    url = {https://community.nest.com/message/46670}
}

@book{McSherryRe:Google-nest.org,
    title = {{Re: google-nest.org}},
    author = {McSherry, Corynne},
    publisher = {Electronic Frontier Foundation}
}

@book{HarmonyNest,
    title = {{Harmony and Nest}},
    publisher = {Logitech},
    url = {https://support.myharmony.com/en/harmony-experience-with-nest}
}

@book{PowerThermostat,
    title = {{Power Specifications for the Nest Learning Thermostat}},
    publisher = {Support.nest.com},
    url = {http://support.nest.com/article/Power-Specifications-for-the-Nest-Learning-Thermostat}
}

@book{TheInstallation,
    title = {{The Nest Learning Thermostat will not turn on after installation}},
    publisher = {Support.nest.com},
    url = {http://support.nest.com/article/Nest-will-not-turn-on-after-installation}
}

@book{Life360Nest,
    title = {{Life360 Works with Nest}},
    url = {https://www.life360.com/nest/}
}

@book{NestWebsite,
    title = {{Nest Learning Thermostat and Heat Link on UK Website}},
    publisher = {store.nest.com},
    url = {https://store.nest.com/uk/product/thermostat/}
}

@book{JawboneNest,
    title = {{Jawbone now Works with Nest}},
    url = {https://jawbone.com/blog/jawbone-up-works-with-nest/}
}

@book{HowThermostat,
    title = {{How do I update the software on my Nest Learning Thermostat?}},
    publisher = {Support.nest.com},
    url = {http://support.nest.com/article/How-do-I-update-the-software-on-my-Nest-Learning-Thermostat}
}

@book{IveeNest,
    title = {{ivee + Nest}},
    url = {http://helloivee.com/pages/nest}
}

@book{NestHistory,
    title = {{Nest Learning Thermostat software update history}},
    publisher = {Support.nest.com},
    url = {http://support.nest.com/article/Nest-Learning-Thermostat-software-update-history}
}

@book{GetGoogle,
    title = {{Get more from your Nest with Google}}
}

@book{ScoutNest,
    title = {{scout × nest}},
    url = {https://www.scoutalarm.com/integrations/nest}
}

@book{NestCompliance,
    title = {{Nest Learning Thermostat open source compliance}},
    publisher = {Nest.com},
    url = {https://nest.com/legal/compliance/}
}

@book{ZuliNest,
    title = {{Zuli Works with Nest}},
    url = {https://zuli.io/partnerships/nest/}
}

@book{NestCanada,
    title = {{Nest thermostat is coming to Canada}},
    publisher = {Nest.com},
    url = {http://nest.com/blog/2012/05/29/nest-thermostat-is-coming-to-canada/}
}

@book{TheComfy.,
    title = {{The UK just got a little more comfy.}},
    publisher = {Nest.com},
    url = {https://nest.com/blog/2014/04/02/the-uk-just-got-a-little-more-comfy/}
}

@book{MotherNest,
    title = {{Mother and the Motion Cookies work with Nest}},
    url = {https://www.sen.se/nest/}
}

@book{ChargePointNest,
    title = {{ChargePoint Home Works with Nest}},
    url = {http://www.chargepoint.com/home}
}

@book{WhatsUpdate,
    title = {{What's new in the Nest Thermostat's 4.0 software update?}},
    publisher = {Nest.com},
    url = {http://support.nest.com/article/What-s-new-in-the-Nest-Thermostat-s-4-0-software-update}
}

@book{Nests179,
    title = {{Nest’s smart Thermostat is now available to buy in the UK, priced from {\pounds}179}},
    publisher = {thenextweb.com},
    url = {http://thenextweb.com/gadgets/2014/04/02/nests-smart-thermostat-now-available-buy-uk-priced-179/}
}

@book{NestHacks,
    title = {{Nest thermostat in Europe Hacks}},
    publisher = {Motote.blogspot.com.es},
    url = {http://motote.blogspot.com.es/2012/09/nest-thermostat-in-europe-hacks-ii.html}
}

@misc{Browning2009BluetoothStudy,
    title = {{Bluetooth Hacking: A Case Study}},
    year = {2009},
    booktitle = {Proceedings of the Conference on Digital Forensics, Security and Law},
    author = {Browning, Dennis and Kessler, Gary C.},
    month = {5},
    pages = {115--128},
    url = {http://proceedings.adfsl.org/index.php/CDFSL/article/view/115},
    issn = {1931-7387},
    keywords = {Bluetooth hacking, mobile phone hacking, wireless hacking},
    language = {en}
}

@article{MinarBLUETOOTHAsurvey,
    title = {{BLUETOOTH SECURITY THREATS AND SOLUTIONS: Asurvey}},
    journal = {airccse.org},
    author = {Minar, NBNI and Tarique, M},
    url = {http://www.airccse.org/journal/ijdps/papers/0112ijdps10.pdf}
}

@article{Ossmann2012ProjectUbertooth,
    title = {{Project ubertooth}},
    year = {2012},
    journal = {Retrieved},
    author = {Ossmann, M},
    url = {https://scholar.google.com/scholar?oi=gsb95{\&}q=ubertooth{\&}lookup=0{\&}hl=en{\#}0}
}

@article{Ryan2013HowSmart,
    title = {{How Smart is Bluetooth Smart}},
    year = {2013},
    author = {Ryan, M},
    url = {http://malicious.ly/bluetooth/how{\_}smart{\_}is{\_}bluetooth{\_}smart-mikeryan-shmoocon{\_}2013.pdf}
}

@article{Ryan2013Bluetooth:Security.,
    title = {{Bluetooth: With Low Energy Comes Low Security.}},
    year = {2013},
    journal = {WOOT},
    author = {Ryan, M},
    url = {https://lacklustre.net/bluetooth/Ryan{\_}Bluetooth{\_}Low{\_}Energy{\_}USENIX{\_}WOOT.pdf}
}

@article{Pieterse2014BluetoothChannel,
    title = {{Bluetooth Command and Control channel}},
    year = {2014},
    journal = {Computers {\&} Security},
    author = {Pieterse, H and Olivier, MS},
    url = {http://www.sciencedirect.com/science/article/pii/S0167404814000881}
}

@article{PerreyAttacksNetworks,
    title = {{Attacks on Wireless Networks}},
    journal = {networks},
    author = {Perrey, H},
    url = {http://users.informatik.haw-hamburg.de/{\~{}}ubicomp/projekte/master2011-aw2/perrey/bericht.pdf}
}

@article{Pan2012HowMouse,
    title = {{How privacy leaks from bluetooth mouse?}},
    year = {2012},
    journal = {Proceedings of the 2012  {\ldots}},
    author = {Pan, X and Ling, Z and Pingley, A and Yu, W},
    url = {http://dl.acm.org/citation.cfm?id=2382309}
}

@article{Chai20126.858:Bluetooth,
    title = {{6.858: Hacking Bluetooth}},
    year = {2012},
    author = {Chai, E and Deardorff, B and Wu, C},
    url = {https://css.csail.mit.edu/6.858/2012/projects/echai-bendorff-cathywu.pdf}
}

@article{Perrey2011AngriffeFunknetzwerke,
    title = {{Angriffe auf Funknetzwerke}},
    year = {2011},
    journal = {Ausarbeitung Masterkurs „ {\ldots}},
    author = {Perrey, H},
    url = {http://users.informatik.haw-hamburg.de/{\~{}}ubicomp/projekte/master2011-aw2/perrey/folien.pdf}
}

@article{Hale2015SecuSecurity,
    title = {{Secu Wear: An Open Source, Multi-component Hardware/Software Platform for Exploring Wearable Security}},
    year = {2015},
    journal = {Mobile Services (MS),  {\ldots}},
    author = {Hale, ML and Ellis, D and Gamble, R},
    url = {http://ieeexplore.ieee.org/xpls/abs{\_}all.jsp?arnumber=7226677}
}

@misc{WhyThink,
    title = {{Why Your Bluetooth Devices Aren’t as Secure as You Think}},
    url = {http://www.inc.com/joseph-steinberg/are-your-bluetooth-devices-secure-maybe-not.html}
}

@misc{Bluetooth,
    title = {{Bluetooth Security Vulnerabilities -Kaspersky Daily |}},
    url = {https://blog.kaspersky.com/bluetooth-security/1637/},
    keywords = {bluetooth, security}
}

@misc{BluetoothSecurity,
    title = {{Bluetooth Security}},
    url = {https://www.nsa.gov/ia/{\_}files/factsheets/i732-016r-07.pdf}
}

@misc{HowWIRED,
    title = {{How Hackable Is Your Car? Consult This Handy Chart | WIRED}},
    url = {http://www.wired.com/2014/08/car-hacking-chart/}
}

@misc{CaptureSetup/BluetoothWiki,
    title = {{CaptureSetup/Bluetooth - The Wireshark Wiki}},
    url = {https://wiki.wireshark.org/CaptureSetup/Bluetooth}
}

@misc{CapturingQA,
    title = {{Capturing Bluetooth on windows 7 - Wireshark Q{\&}A}},
    url = {https://ask.wireshark.org/questions/22715/capturing-bluetooth-on-windows-7},
    keywords = {bluetooth, windows}
}

@misc{Sniffing/loggingOverflow,
    title = {{Sniffing/logging your own Android Bluetooth traffic - Stack Overflow}},
    url = {http://stackoverflow.com/questions/23877761/sniffing-logging-your-own-android-bluetooth-traffic}
}

@misc{ConnectOps,
    title = {{Connect to WiFi network from command line in Linux - blackMORE Ops}},
    url = {http://www.blackmoreops.com/2014/09/18/connect-to-wifi-network-from-command-line-in-linux/}
}

@misc{WifiExchange,
    title = {{wifi - Kali Linux internet connection - Unix {\&} Linux Stack Exchange}},
    url = {http://unix.stackexchange.com/questions/153780/kali-linux-internet-connection}
}

@misc{DEFCONChicken,
    title = {{DEFCON 17:Bluetooth, Smells Like Chicken}},
    url = {https://www.youtube.com/watch?v=9WAmMwUyzMc},
    keywords = {bluetooth, channels}
}

@misc{AndroidTutorial,
    title = {{Android Bluetooth Tutorial}},
    url = {http://www.tutorialspoint.com/android/android{\_}bluetooth.htm},
    keywords = {Activity Lifecycle, Android, Application Architecture, Application Components, Debugging Applications, Environment Setup, Handling Events, Handling Rotation, Layouts, Phone Calls., Publishing Application, Send Email, Send SMS, Service Lifecycle, Styles and Themes, User Interface Controls, beginners, data storage, develop, managing media, mobile phone, programming, tutorial}
}

@misc{BluetoothDevelopers,
    title = {{Bluetooth | Android Developers}},
    url = {http://developer.android.com/guide/topics/connectivity/bluetooth.html}
}

@misc{BluetoothBlogs,
    title = {{Bluetooth packet capture on Android 4.4 | NowSecure Blogs}},
    url = {https://www.nowsecure.com/blog/2014/02/07/bluetooth-packet-capture-on-android-4-4/}
}

@inproceedings{Narayanan2008RobustDatasets,
    title = {{Robust De-anonymization of Large Sparse Datasets}},
    year = {2008},
    booktitle = {2008 IEEE Symposium on Security and Privacy (sp 2008)},
    author = {Narayanan, Arvind and Shmatikov, Vitaly},
    month = {5},
    pages = {111--125},
    publisher = {IEEE},
    url = {http://ieeexplore.ieee.org/articleDetails.jsp?arnumber=4531148},
    isbn = {978-0-7695-3168-7},
    doi = {10.1109/SP.2008.33},
    issn = {1081-6011},
    keywords = {Anonymity, Attack, DVD, Data mining, Data privacy, Data security, Internet, Internet movie database, Motion pictures, Netflix prize dataset, Privacy, Probability, Robustness, Tail, Transaction databases, data mining, data privacy, large sparse dataset, online movie rental service, privacy risk, statistical de-anonymization attack, very large databases},
    language = {English}
}

@inproceedings{Cunche2012IRequests,
    title = {{I know who you will meet this evening! Linking wireless devices using Wi-Fi probe requests}},
    shorttitle = {World of Wireless, Mobile and Multimedia Networks },
    year = {2012},
    booktitle = {2012 IEEE International Symposium on a World of Wireless, Mobile and Multimedia Networks (WoWMoM)},
    author = {Cunche, Mathieu and Boreli, Roksana},
    month = {6},
    pages = {1--9},
    publisher = {IEEE},
    url = {http://ieeexplore.ieee.org/lpdocs/epic03/wrapper.htm?arnumber=6263700},
    isbn = {978-1-4673-1239-4},
    doi = {10.1109/WoWMoM.2012.6263700},
    keywords = {Australia, IEEE 802.11 Standards, Measurement, Mobile communication, Monitoring, Privacy, Probes, SSID, Sydney, Wi-Fi fingerprint, Wi-Fi probe requests, Wireless communication, broadcasting, probes, radio networks, wireless LAN, wireless devices, wireless networks, wireless stations broadcasting}
}

@misc{ProductDetail,
    title = {{Product Detail}},
    url = {https://www.gsaadvantage.gov/advantage/catalog/product{\_}detail.do?oid=920979743{\&}itemIndex=-1}
}

@misc{ChrisVulnerabilities,
    title = {{Chris Roberts on Bluetooth Security Vulnerabilities}},
    url = {https://www.youtube.com/watch?v={\_}-gWXB4n2n4},
    keywords = {Chris Roberts, One World Labs, bluetooth security, educational}
}

@misc{Bluetooth:YouTube,
    title = {{Bluetooth: With Low Energy Comes Low Security - YouTube}},
    url = {https://www.youtube.com/watch?v=Mo-FsEmaqpo},
    keywords = {camera phone, free, sharing, upload, video, video phone}
}

@misc{CC2590/CC2591RF-ICs,
    title = {{CC2590/CC2591 - RF range extender for 2.4 GHz low-power RF-ICs}},
    url = {http://www.ti.com/corp/docs/landing/cc2591/},
    keywords = {2.4 GHz RF front end, 2.4 GHz range extender, CC2590, CC2591, RF front end, increase link budget, link budget, power amplifier, range extender, rf front end, rf range extender, wireless range extender}
}

@misc{BluetoothSpill,
    title = {{Bluetooth Packet Sniffing Using Project Ubertooth - Dominic Spill}},
    url = {https://www.youtube.com/watch?v=HU5qi7wimAM},
    keywords = {Ruxcon 2012}
}

@misc{MikeRyan,
    title = {{Mike Ryan}},
    url = {http://lacklustre.net/}
}

@misc{CC2400Parametrics,
    title = {{CC2400 | Proprietary 2.4 GHz | Wireless Connectivity | Description {\&} parametrics}},
    url = {http://www.ti.com/product/cc2400},
    keywords = {Proprietary 2.4 GHz, Semiconductors, Wireless Connectivity, analog, semiconductors}
}

@misc{ProjectProblem,
    title = {{Project Ubertooth: Motivating the Problem}},
    url = {http://ubertooth.blogspot.com/2013/02/motivating-problem.html}
}

@misc{AndroidOverflow,
    title = {{android - Bluetooth HCI snoop log not generated - Stack Overflow}},
    url = {http://stackoverflow.com/questions/28445552/bluetooth-hci-snoop-log-not-generated}
}

@misc{4.0Exchange,
    title = {{4.0 ice cream sandwich - How to view the files from /root/data folder? - Android Enthusiasts Stack Exchange}},
    url = {http://android.stackexchange.com/questions/37234/how-to-view-the-files-from-root-data-folder}
}

@misc{AndroidDevelopers,
    title = {{Android Debug Bridge | Android Developers}},
    url = {http://developer.android.com/tools/help/adb.html}
}

@misc{JavaOverflow,
    title = {{java - Android Studio - No JVM Installation found - Stack Overflow}},
    url = {http://stackoverflow.com/questions/24898684/android-studio-no-jvm-installation-found}
}

@misc{AdbExchange,
    title = {{adb - How to start root shell with Android Studio? - Android Enthusiasts Stack Exchange}},
    url = {http://android.stackexchange.com/questions/69108/how-to-start-root-shell-with-android-studio}
}

@misc{ADBHacking,
    title = {{ADB device show empty | Android Development and Hacking}},
    url = {http://forum.xda-developers.com/showthread.php?t=2200647},
    keywords = {ADB device show empty, Android Development and Hacking}
}

@misc{AndroidAndroidAuthority,
    title = {{Android customization – how to transfer files using ADB push and pull commands | AndroidAuthority}},
    url = {http://www.androidauthority.com/android-customization-transfer-files-adb-push-adb-pull-601015/}
}

@misc{InternetSymantec,
    title = {{Internet of Things Security | Symantec}},
    url = {https://www.symantec.com/iot/}
}

@article{BluetoothSpecialInterestGroup2010Specification4.0,
    title = {{Specification of the Bluetooth System Covered Core Package Version 4.0}},
    year = {2010},
    author = {{Bluetooth Special Interest Group}},
    number = {June},
    pages = {2302},
    volume = {0},
    url = {https://www.bluetooth.org/en-us/specification/adopted-specifications}
}

@misc{Bluetooth2016,
    title = {{Bluetooth Technology to Gain Longer Range Faster Speed Mesh Networking in 2016}},
    url = {http://www.bluetooth.com/news/pressreleases/2015/11/11/bluetooth-technology-to-gain-longer-range-faster-speed-mesh-networking-in-2016}
}

@article{Barcena2015InsecurityThings,
    title = {{Insecurity in the Internet of Things}},
    year = {2015},
    author = {Barcena, Mario Ballano and Wueest, Candid},
    isbn = {9781467358286}
}

@misc{AboutUs,
    title = {{About Us}},
    url = {http://www.feit.com/about-us},
    keywords = {LED, illumination, incandescent, lighting}
}

@misc{WhatNPR,
    title = {{What Happens When Your Lights, Appliances Are Connected To The Internet : All Tech Considered : NPR}},
    url = {http://www.npr.org/sections/alltechconsidered/2015/11/02/454051683/what-happens-when-your-lights-appliances-are-connected-to-the-internet}
}

@article{Minar2012BluetoothSurvey,
    title = {{Bluetooth security threats and solutions: a survey}},
    year = {2012},
    journal = {airccse.org},
    author = {Minar, NBNI and Tarique, M},
    url = {http://airccse.org/journal/ijdps/papers/0112ijdps10.pdf http://search.proquest.com/openview/b01cd4fc16244d07704e5b6569c667c6/1?pq-origsite=gscholar}
}

@book{1983FoundationsTheory,
    title = {{Foundations of Computation Theory}},
    year = {1983},
    editor = {Karpinski, Marek},
    series = {Lecture Notes in Computer Science},
    volume = {158},
    publisher = {Springer Berlin Heidelberg},
    url = {http://www.springerlink.com/index/10.1007/3-540-12689-9},
    address = {Berlin, Heidelberg},
    isbn = {978-3-540-12689-8},
    doi = {10.1007/3-540-12689-9}
}

@article{Kubrusly1985SensorsSurvey,
    title = {{Sensors and controllers location in distributed systems—A survey}},
    year = {1985},
    journal = {Automatica},
    author = {Kubrusly, C.S. and Malebranche, H.},
    number = {2},
    month = {3},
    pages = {117--128},
    volume = {21},
    url = {http://www.sciencedirect.com/science/article/pii/0005109885901074},
    doi = {10.1016/0005-1098(85)90107-4},
    issn = {00051098},
    keywords = {Controllers location, distributed parameter systems, identification, optimal control, optimization, sensors location, state estimation}
}

@article{Kar2015AApplications,
    title = {{A novel design of a portable double beam-in-time spectrometric sensor platform with cloud connectivity for environmental monitoring applications}},
    year = {2015},
    journal = {Computer, Communication, Control and Information Technology (C3IT), 2015 Third International Conference on},
    author = {Kar, A and Kar, A},
    pages = {1--6},
    isbn = {9781479944453},
    doi = {10.1109/C3IT.2015.7060228},
    keywords = {air quality;atmospheric techniques;data visualisat}
}

@article{Patil2015WiFiPi-TrackingEvents,
    title = {{WiFiPi-Tracking at mass events}},
    year = {2015},
    journal = {2015 International Conference on Pervasive Computing (ICPC)},
    author = {Patil, P.H. and Kokil, A.A.},
    number = {c},
    pages = {1--4},
    volume = {00},
    url = {http://ieeexplore.ieee.org/lpdocs/epic03/wrapper.htm?arnumber=7087170},
    isbn = {978-1-4799-6272-3},
    doi = {10.1109/PERVASIVE.2015.7087170},
    keywords = {Computers, Detectors, Hotspot, IEEE 802.11 Standards, Internet, Raspberry Pi, Tracking, Universal Serial Bus, WiFi, WiFi enabled device, WiFi interface, WiFiPi-tracking, Wireless communication, Wireless sensor networks, low cost Raspberry Pi device, mass events, radio tracking, wireless LAN}
}

@misc{GomollaMechtild2012000Link.Springer.Com,
    title = {{000 @ Link.Springer.Com}},
    year = {2012},
    author = {{Gomolla Mechtild}},
    url = {http://link.springer.com/article/10.1007{\%}2F3-540-12689-9{\_}99/lookinside/000.png}
}

@misc{ActBlue2007FrequentlyQuestions,
    title = {{Frequently Asked Questions}},
    year = {2007},
    author = {{ActBlue}},
    url = {http://www.actblue.com/faq{\#}q3},
    keywords = {802.11, 802.11b, dstumbler, kismet, mapping, maps, net hugger, net hugging, netstumbler, war driving, wardriving, wifi, wireless, wireless mapping, wireless maps, wireless networks}
}

@phdthesis{Winn2008ConstructingNetworks,
    title = {{Constructing Cost-Effective and Targetable ICS Honeypots Suited for Production Networks}},
    year = {2008},
    author = {Winn, Michael M.}
}

@article{AghaActors:Systems,
    title = {{Actors: A Model of Concurrent Computation in Distributed Systems}},
    author = {Agha, Gul Abdulnabi}
}

@book{HennessyJohnL.PattersonComputerEdition,
    title = {{Computer Architecture: A Quantitative Approach Fifth Edition}},
    author = {Hennessy, John L. ; Patterson, David A.},
    edition = {5},
    isbn = {9780123838728}
}

@book{Rao2008DistributedApproach,
    title = {{Distributed Systems: An Algorithmic Approach}},
    year = {2008},
    booktitle = {IEEE Distributed Systems Online},
    author = {Rao, S.},
    number = {11},
    volume = {9},
    isbn = {9781584885641},
    doi = {10.1109/MDSO.2008.30},
    issn = {1541-4922},
    keywords = {algorithms, distributed systems}
}

@misc{WiGLE:Mapping,
    title = {{WiGLE: Wireless Network Mapping}},
    url = {https://wigle.net/},
    keywords = {802.11, 802.11b, dstumbler, kismet, mapping, maps, net hugger, net hugging, netstumbler, war driving, wardriving, wifi, wireless, wireless mapping, wireless maps, wireless networks}
}

@misc{SensePostFramework,
    title = {{SensePost | Snoopy: a distributed tracking and profiling framework}},
    url = {https://www.sensepost.com/blog/2012/snoopy-a-distributed-tracking-and-profiling-framework/}
}

@misc{NoTitle,
    title = {{No Title}},
    url = {http://wvw.xirrus.com/wifi-inspector}
}

@article{Nowatzki2016AnalyzingAcceleration,
    title = {{Analyzing Behavior Specialized Acceleration}},
    year = {2016},
    author = {Nowatzki, Tony},
    url = {http://research.cs.wisc.edu/vertical/papers/2016/asplos16-exocore.pdf},
    isbn = {9781450340915}
}

@article{Castignani2012Wi2Me:Networks,
    title = {{Wi2Me: A mobile sensing platform for wireless heterogeneous networks}},
    year = {2012},
    journal = {Proceedings - 32nd IEEE International Conference on Distributed Computing Systems Workshops, ICDCSW 2012},
    author = {Castignani, German and Lampropulos, Alejandro and Blanc, Alberto and Montavont, Nicolas},
    pages = {108--113},
    isbn = {978-1-4673-1423-7},
    doi = {10.1109/ICDCSW.2012.36},
    keywords = {Android, Community Networks, Mobile Sensing, Performance Evaluation, Wireless Heterogeneous Networks}
}

@book{Ashenden2015TheVHDL,
    title = {{The Designer's Guide to VHDL}},
    year = {2015},
    booktitle = {PhD Proposal},
    author = {Ashenden, Peter J.},
    volume = {1},
    isbn = {9788578110796},
    doi = {10.1017/CBO9781107415324.004},
    issn = {1098-6596},
    pmid = {25246403},
    arxivId = {arXiv:1011.1669v3}
}

@book{PaarChristofPelzl2015UnderstandingPractitioners,
    title = {{Understanding Cryptography: A Textbook for Students and Practitioners}},
    year = {2015},
    booktitle = {PhD Proposal},
    author = {Paar, Christof; Pelzl, Jan},
    volume = {1},
    isbn = {9788578110796},
    doi = {10.1017/CBO9781107415324.004},
    issn = {1098-6596},
    pmid = {25246403},
    arxivId = {arXiv:1011.1669v3},
    keywords = {icle}
}

@inproceedings{Song2008WirelessHART:Control,
    title = {{WirelessHART: Applying wireless technology in real-time industrial process control}},
    year = {2008},
    booktitle = {Proceedings of the IEEE Real-Time and Embedded Technology and Applications Symposium, RTAS},
    author = {Song, Jianping and Han, Song and Mok, Aloysius K. and Chen, Deji and Lucas, Mike and Nixon, Mark and Pratt, Wally},
    pages = {377--386}
}

@inproceedings{Lennvall2008AApplications,
    title = {{A comparison of WirelessHART and ZigBee for industrial applications}},
    year = {2008},
    booktitle = {IEEE International Workshop on Factory Communication Systems - Proceedings, WFCS},
    author = {Lennvall, Tomas and Svensson, Stefan and Hekland, Fredrik},
    pages = {85--88}
}

@inproceedings{Saifullah2010Real-timeNetworks,
    title = {{Real-time scheduling for WirelessHART networks}},
    year = {2010},
    booktitle = {Proceedings - Real-Time Systems Symposium},
    author = {Saifullah, Abusayeed and Xu, You and Lu, Chenyang and Chen, Yixin},
    pages = {150--159}
}

@inproceedings{Chen2014WirelessHART802.15.4e,
    title = {{WirelessHART and IEEE 802.15.4e}},
    year = {2014},
    booktitle = {Proceedings of the IEEE International Conference on Industrial Technology},
    author = {Chen, Deji and Nixon, Mark and Han, Song and Mok, Aloysius K. and Zhu, Xiuming},
    pages = {760--765},
    publisher = {Institute of Electrical and Electronics Engineers Inc.}
}

@inproceedings{Petersen2009PerformanceAutomation,
    title = {{Performance evaluation of WirelessHART for factory automation}},
    year = {2009},
    booktitle = {ETFA 2009 - 2009 IEEE Conference on Emerging Technologies and Factory Automation},
    author = {Petersen, Stig and Carlsen, Simon}
}

@book{Chen2010WirelessHART:Automation,
    title = {{WirelessHART???: Real-time mesh network for industrial automation}},
    year = {2010},
    booktitle = {WirelessHART???: Real-Time Mesh Network for Industrial Automation},
    author = {Chen, Deji and Nixon, Mark and Mok, Aloysius},
    pages = {1--276},
    publisher = {Springer US}
}

@inproceedings{Han2010ControlNetwork,
    title = {{Control over WirelessHART network}},
    year = {2010},
    booktitle = {IECON Proceedings (Industrial Electronics Conference)},
    author = {Han, Song and Zhu, Xiuming and Mok, Aloysius K. and Nixon, Mark and Blevins, Terry and Chen, Deji},
    pages = {2114--2119}
}

@inproceedings{Song2008DemoNetwork,
    title = {{Demo Abstract : A Complete WirelessHART Network}},
    year = {2008},
    booktitle = {ACM SenSys},
    author = {Song, Jianping and Han, Song and Zhu, Xiuming and Mok, Al and Chen, Deji and Nixon, Mark},
    pages = {381--382}
}

@article{Ferrari2013ImprovingWirelessHART,
    title = {{Improving simulation of wireless networked control systems based on WirelessHART}},
    year = {2013},
    journal = {Computer Standards {\&} Interfaces},
    author = {Ferrari, P. and Flammini, a. and Rizzi, M. and Sisinni, E.},
    number = {6},
    pages = {605--615},
    volume = {35},
    publisher = {Elsevier B.V.},
    url = {http://www.sciencedirect.com/science/article/pii/S0920548913000251},
    doi = {10.1016/j.csi.2013.04.003},
    issn = {09205489},
    keywords = {Co-simulation, Real-time systems, Wireless industrial communications, Wireless networked control systems}
}

@inproceedings{Biasi2008SimulationLosses,
    title = {{Simulation of process control with wirelessHART networks subject to packet losses}},
    year = {2008},
    booktitle = {4th IEEE Conference on Automation Science and Engineering, CASE 2008},
    author = {Biasi, Mauro D. and Snickars, Carlo and Landern{\"{a}}s, Krister and Isaksson, Alf J.},
    pages = {548--553}
}

@misc{WirelessHARTRegister,
    title = {{WirelessHART industrial control kit is riddled with security holes • The Register}},
    url = {http://www.theregister.co.uk/2016/02/01/wirelesshart{\_}ics{\_}vuln/}
}

@article{Shannon1948ACommunication,
    title = {{A mathematical theory of communication}},
    year = {1948},
    journal = {The Bell System Technical Journal},
    author = {Shannon, Claude E},
    number = {July 1928},
    pages = {379--423},
    volume = {27},
    url = {http://cm.bell-labs.com/cm/ms/what/shannonday/shannon1948.pdf},
    isbn = {0252725484},
    doi = {10.1145/584091.584093},
    issn = {07246811},
    pmid = {9230594},
    arxivId = {chao-dyn/9411012}
}

@article{Ramsey2014WirelessManipulation,
    title = {{Wireless Intrusion Detection and Device Fingerprinting through Preamble Manipulation}},
    year = {2014},
    journal = {IEEE Transactions on Dependable and Secure Computing},
    author = {Ramsey, Benjamin and Mullins, Barry and Temple, Michael and Grimaila, Michael},
    number = {5},
    pages = {1--1},
    volume = {12},
    url = {http://ieeexplore.ieee.org/lpdocs/epic03/wrapper.htm?arnumber=6942251},
    doi = {10.1109/TDSC.2014.2366455},
    issn = {1545-5971},
    keywords = {Communication system security, IEEE 802.15 Standards, Radio frequency, Receivers, Transceivers, Wireless communication, Wireless personal area networks, and protection, integrity, integrity and protection, network-level security, security, wireless communications, wireless systems}
}

@article{Chernyshev2015802.11Perspective,
    title = {{802.11 Tracking and Surveillance – A Forensic Perspective}},
    year = {2015},
    journal = {International Conference Security and Management},
    author = {Chernyshev, M and Valli, C and Hannay, P},
    pages = {349--353},
    keywords = {digital forensics, smart, surveillance, wi-fi}
}

@article{Chernyshev2014LocationalSurveillance,
    title = {{Locational wireless and social media-based surveillance}},
    year = {2014},
    journal = {Australian Digital Forensics Conference},
    author = {Chernyshev, Maxim},
    pages = {17--25}
}

@misc{ActBlue2007FrequentlyQuestionsb,
    title = {{Frequently Asked Questions}},
    year = {2007},
    author = {{ActBlue}},
    url = {http://www.actblue.com/faq{\#}q3},
    keywords = {802.11, 802.11b, dstumbler, kismet, mapping, maps, net hugger, net hugging, netstumbler, war driving, wardriving, wifi, wireless, wireless mapping, wireless maps, wireless networks}
}

@article{Barbera2013SignalsCrowd,
    title = {{Signals from the crowd}},
    year = {2013},
    journal = {Proceedings of the 2013 conference on Internet measurement conference - IMC '13},
    author = {Barbera, Marco V and Epasto, Alessandro and Mei, Alessandro and Perta, Vasile C and Stefa, Julinda},
    pages = {265--276},
    isbn = {9781450319539},
    doi = {10.1145/2504730.2504742},
    keywords = {smartphones, social networks, wi-fi probe requests}
}

@inproceedings{Musa2012TrackingMonitors,
    title = {{Tracking Unmodified Smartphones Using Wi-Fi Monitors}},
    year = {2012},
    booktitle = {SynSys},
    author = {Musa, A B M and Eriksson, Jakob},
    isbn = {9781450311694}
}

@article{Atkinson2014YourEncryption,
    title = {{Your WiFi Is Leaking: Inferring Private User Information Despite Encryption}},
    year = {2014},
    author = {Atkinson, John S},
    number = {March},
    url = {http://discovery.ucl.ac.uk/1470734/}
}

@article{Saponas2007DevicesComputing,
    title = {{Devices That Tell On You : Privacy Trends in Consumer Ubiquitous Computing}},
    year = {2007},
    journal = {USENIX Security},
    author = {Saponas, T Scott and Lester, Jonathan and Hartung, Carl and Kohno, Tadayoshi and Agarwal, Sameer},
    pages = {55--70},
    isbn = {111-333-5555-77-9},
    keywords = {and dvd players could, cable boxes, encoding, encryption, information leakage, loca-, mobile social applications, multimedia security, ple, privacy, speakers, tion privacy, tvs, ubicomp, variable bitrate, vbr}
}

@article{Bonne2014YourWith,
    title = {{Your Mobile Phone Is a Traitor ! – Raising Awareness on Ubiquitous Privacy Issues With}},
    year = {2014},
    author = {Bonn{\'{e}}, Bram and Quax, Peter and Lamotte, Wim},
    pages = {39--54},
    keywords = {mobile, privacy, security, wireless}
}

@article{Cunche2013SmartphoneEnnemi,
    title = {{Smartphone , Wi-Fi et vie privee : comment votre smartphone peut se reveler etre votre pire ennemi}},
    year = {2013},
    journal = {HAL archives-ouvertes},
    author = {Cunche, Mathieu},
    pages = {1--20}
}

@article{Chernyshev2016ServiceChallenges,
    title = {{Service Set Identifier Geolocation for Forensic Purposes: Opportunities and Challenges}},
    year = {2016},
    journal = {International Conference on System Sciences},
    author = {Chernyshev, Maxim and Valli, Craig and Hannay, Peter},
    isbn = {978-0-7695-5670-3},
    doi = {10.1109/HICSS.2016.678}
}

@article{Summerville2015Ultra-LightweightDevices,
    title = {{Ultra-Lightweight Deep Packet Anomaly Detection for Internet of Things Devices}},
    year = {2015},
    author = {Summerville, Douglas H and Zach, Kenneth M and Chen, Yu},
    isbn = {9781467385909},
    keywords = {attacks and the lack, internet of things, makes the use of, network anomaly detection, of resources, security effectively, signature-based detection approaches, system designers to implement, the threat from zero-day}
}

@misc{TheSIoT...,
    title = {{The Social Internet of Things (SIoT)...}},
    url = {http://www.social-iot.org/d/SIoT{\_}ComNet.pdf}
}

@article{Atkinson2014YourTraffic,
    title = {{Your WiFi is leaking: Ignoring encryption, using histograms to remotely detect skype traffic}},
    year = {2014},
    journal = {Proceedings - IEEE Military Communications Conference MILCOM},
    author = {Atkinson, J. S. and Rio, M. and Mitchell, J. E. and Matich, G.},
    pages = {40--45},
    isbn = {9781479967704},
    doi = {10.1109/MILCOM.2014.16}
}

@article{Ghaleb2015Wireless/WebsiteCountermeasures,
    title = {{Wireless/Website Traffic Analysis {\&} Fingerprinting: A Survey of Attacking Techniques and Countermeasures}},
    year = {2015},
    journal = {2015 International Conference on Cloud Computing, ICCC 2015},
    author = {Ghaleb, Taher Ahmed},
    isbn = {9781467366175},
    doi = {10.1109/CLOUDCOMP.2015.7149665},
    keywords = {anonymity, countermeasures, traffic analysis, website fingerprinting, wireless fingerprinting}
}

@article{Du2016EV-Linker:Matching,
    title = {{EV-Linker: Mapping eavesdropped Wi-Fi packets to individuals via electronic and visual signal matching}},
    year = {2016},
    journal = {Journal of Computer and System Sciences},
    author = {Du, Shaoyong and Hua, Jingyu and Gao, Yue and Zhong, Sheng},
    number = {1},
    pages = {156--172},
    volume = {82},
    publisher = {Elsevier Inc.},
    url = {http://www.sciencedirect.com/science/article/pii/S0022000015000677},
    doi = {10.1016/j.jcss.2015.06.005},
    issn = {00220000},
    keywords = {Mobile devices, Signal matching, Video surveillance, Wi-Fi eavesdropping}
}

@article{Atkinson2014YourActivities,
    title = {{Your WiFi is leaking: Building a low-cost device to infer user activities}},
    year = {2014},
    journal = {Proceedings - IEEE 8th International Symposium on Service Oriented System Engineering, SOSE 2014},
    author = {Atkinson, John S. and Mitchell, John E. and Rio, Miguel and Matich, George},
    pages = {396--397},
    isbn = {9781479925049},
    doi = {10.1109/SOSE.2014.54},
    keywords = {activity inference, cyber security, encryption, implementation, wifi}
}

@phdthesis{Vo-Huu2015RobustSystems,
    title = {{Robust Wireless Communication for Multi-Antenna, Multi-Rate, Multi-Carrier Systems}},
    year = {2015},
    author = {Vo-Huu, Triet Dang},
    school = {Northeastern University}
}

@article{Vo-Huu2014CBM:Boosting,
    title = {{CBM: A Crypto-Coded Modulation Scheme for Rate Information Concealing and Robustness Boosting}},
    year = {2014},
    author = {Vo-Huu, Triet D. and Noubir, Guevara},
    url = {http://arxiv.org/abs/1411.5078},
    arxivId = {1411.5078}
}

@article{Rahbari2014FriendlyDescriptors,
    title = {{Friendly CryptoJam : A Mechanism for Securing Physical-Layer Attributes Categories and Subject Descriptors}},
    year = {2014},
    journal = {WiSec},
    author = {Rahbari, Hanif},
    pages = {129--140},
    isbn = {9781450329729},
    doi = {10.1145/2627393.2627415},
    keywords = {11, friendly jamming, ieee802, modulation encryption, phy-layer security, preamble, side-channel information, usrp}
}

@article{Schauer2014EstimatingBluetooth,
    title = {{Estimating Crowd Densities and Pedestrian Flows Using Wi-Fi and Bluetooth}},
    year = {2014},
    journal = {Proceedings of the 11th International Conference on Mobile and Ubiquitous Systems: Computing, Networking and Services},
    author = {Schauer, Lorenz and Werner, Martin and Marcus, Philipp},
    pages = {171--177},
    isbn = {978-1-63190-039-6},
    doi = {10.4108/icst.mobiquitous.2014.257870}
}

@article{Versichele2014PatternBelgium,
    title = {{Pattern mining in tourist attraction visits through association rule learning on Bluetooth tracking data: A case study of Ghent, Belgium}},
    year = {2014},
    journal = {Tourism Management},
    author = {Versichele, Mathias and de Groote, Liesbeth and Claeys Bouuaert, Manuel and Neutens, Tijs and Moerman, Ingrid and Van de Weghe, Nico},
    pages = {67--81},
    volume = {44},
    publisher = {Elsevier Ltd},
    url = {http://dx.doi.org/10.1016/j.tourman.2014.02.009},
    isbn = {0261-5177},
    doi = {10.1016/j.tourman.2014.02.009},
    issn = {02615177},
    keywords = {Association rule learning, Bluetooth tracking, Data mining, Tourist attraction visits}
}

@article{Freudiger2015ShortRequests,
    title = {{Short : How Talkative is your Mobile Device ? An Experimental Study of Wi-Fi Probe Requests}},
    year = {2015},
    journal = {WiSec'15 Proceedings of the 8th ACM Conference on Security {\&} Privacy in Wireless and Mobile Networks},
    author = {Freudiger, Julien},
    isbn = {9781450336239},
    doi = {10.1145/2766498.2766517}
}

@article{ChilipireaPresumablyWiFi,
    title = {{Presumably simple : monitoring crowds using WiFi}},
    author = {Chilipirea, Cristian and Petre, Andreea-cristina and Dobre, Ciprian},
    number = {1},
    keywords = {crowd analyt-, crowd detection, data cleaning, ics, smoothing paths, wifi scanning}
}

@misc{Wi-FiStack,
    title = {{Wi-Fi Radar Would Allow Users to Track Targets Through Walls - The New Stack}},
    url = {http://thenewstack.io/wifi-radar-allow-users-track-targets-walls/}
}

@article{Adib2013SeeWi-Fi,
    title = {{See Through Walls with Wi-Fi!}},
    year = {2013},
    journal = {Acm Sigcomm},
    author = {Adib, Fadel and Katabi, Dina},
    pages = {75--86},
    isbn = {9781450320566},
    doi = {10.1145/2534169.2486039},
    issn = {0146-4833},
    keywords = {based user interface, gesture-, mimo, seeing through walls, wireless}
}

@misc{AnTechnology,
    title = {{An Introduction to Orthogonal Frequency Division Multiplex Technology}},
    url = {https://www.ieee.li/pdf/viewgraphs/introduction{\_}to{\_}orthogonal{\_}frequency{\_}division{\_}multiplex.pdf}
}

@misc{ShortOFDM,
    title = {{Short introduction to OFDM}},
    url = {http://www.supelec.fr/d2ri/flexibleradio/cours/ofdmtutorial.pdf}
}

@misc{PythonWorld,
    title = {{Python Programming/Email - Wikibooks, open books for an open world}},
    url = {https://en.wikibooks.org/wiki/Python{\_}Programming/Email}
}

@article{DeCandia2007Dynamo:Store,
    title = {{Dynamo: Amazon’s Highly Available Key-value Store}},
    year = {2007},
    journal = {Proceedings of the Symposium on Operating Systems Principles},
    author = {DeCandia, Giuseppe and Hastorun, Deniz and Jampani, Madan and Kakulapati, Gunavardhan and Lakshman, Avinash and Pilchin, Alex and Sivasubramanian, Swaminathan and Vosshall, Peter and Vogels, Werner},
    pages = {205--220},
    url = {http://dl.acm.org/citation.cfm?id=1323293.1294281},
    keywords = {Algorithms, Design, Management, Measurement, Performance, Reliability}
}

@article{Lu2015ExistentialFacebook,
    title = {{Existential consistency: Measuring and understanding consistency at Facebook}},
    year = {2015},
    journal = {Symposium on Operating Systems Principles (SOSP)},
    author = {Lu, Haonan and Veeraraghavan, Kaushik and Ajoux, Philippe and Hunt, Jim and Song, Yee Jiun and Tobagus, Wendy and Kumar, Sanjeev and Lloyd, Wyatt},
    pages = {295--310},
    url = {http://sigops.org/sosp/sosp15/current/2015-Monterey/printable/240-lu.pdf},
    keywords = {Put your keywords here}
}

@article{Kumar2015BwE:Computing,
    title = {{BwE: Flexible, Hierarchical Bandwidth Allocation for WAN Distributed Computing}},
    year = {2015},
    journal = {Proceedings of the 2015 ACM Conference on Special Interest Group on Data Communication - SIGCOMM '15},
    author = {Kumar, Alok and Amarandei-Stavila, Mihai and Robin, Mathieu and Siganporia, Aspi and Stuart, Stephen and Vahdat, Amin and Jain, Sushant and Naik, Uday and Raghuraman, Anand and Kasinadhuni, Nikhil and Zermeno, Enrique Cauich and Gunn, C Stephen and Ai, Jing and Carlin, Björn},
    pages = {1--14},
    url = {http://dl.acm.org/citation.cfm?doid=2785956.2787478},
    keywords = {a llo ca t, a r ea n, ba n d w, de n ed n, e t w o, fa i r, i d t h, ion, m a x -min, r e -, r k, r k s, s o w a, w i de -}
}

@article{Jalaparti2015Network-AwareCan,
    title = {{Network-Aware Scheduling for Data-Parallel Jobs : Plan When You Can}},
    year = {2015},
    journal = {Sigcomm 2015},
    author = {Jalaparti, Virajith and Bodik, Peter and Menache, Ishai},
    pages = {407--420},
    url = {University of Illinois, Urbana-Champaign{\textbackslash}nMicrosoft},
    keywords = {Cluster schedulers, Cross-layer optimization, Data-intensive applications, Joint data and compute placement}
}

@article{Blond2015HerdSystems,
    title = {{Herd : A Scalable , Traffic Analysis Resistant Anonymity Network for VoIP Systems}},
    year = {2015},
    journal = {Sigcomm 2015},
    author = {Blond, Stevens Le and Choffnes, David and Caldwell, William and Druschel, Peter and Merritt, Nicholas},
    number = {1},
    pages = {639--652},
    url = {MPI-SWS{\textbackslash}nNortheastern University},
    isbn = {9781450335423},
    doi = {10.1145/2785956.2787491},
    issn = {0146-4833},
    keywords = {Anonymity networks, Intersection attacks, Strong anonymity, Voice-over-IP}
}

@article{Singh2015JupiterNetwork,
    title = {{Jupiter Rising: A Decade of Clos Topologies and Centralized Control in Google’s Datacenter Network}},
    year = {2015},
    journal = {SIGCOMM, A ugust 17-21},
    author = {Singh, Arjun and Ong, Joon and Agarwal, Amit and Anderson, Glen and Armistead, Ashby and Bannon, Roy and Boving, Seb and Desai, Gaurav and Felderman, Bob and Germano, Paulie and Kanagala, Anand and Provost, Jeff and Simmons, Jason and Tanda, Eiichi and Wanderer, Jim and H{\"{o}}lzle, Urs and Stuart, Stephen and Vahdat, Amin},
    pages = {183--197},
    keywords = {centralized control and management, clos topology, datacenter networks, merchant silicon}
}

@article{Haeberlen2010AccountableMachines,
    title = {{Accountable Virtual Machines}},
    year = {2010},
    journal = {Proceedings of the Ninth USENIX Symposium on Operating Systems Design and Implementation},
    author = {Haeberlen, Andreas and Aditya, Paarijaat and Rodrigues, Rodrigo and Druschel, Peter},
    pages = {119--134},
    url = {http://www.usenix.org/events/osdi10/tech/full{\_}papers/Haeberlen.pdf}
}

@article{Haeberlen2010AccountableMachinesb,
    title = {{Accountable Virtual Machines}},
    year = {2010},
    journal = {Proceedings of the Ninth USENIX Symposium on Operating Systems Design and Implementation},
    author = {Haeberlen, Andreas and Aditya, Paarijaat and Rodrigues, Rodrigo and Druschel, Peter},
    pages = {119--134},
    url = {http://www.usenix.org/events/osdi10/tech/full{\_}papers/Haeberlen.pdf}
}

@article{CuiPAXOSTransparent,
    title = {{PAXOS Made Transparent}},
    author = {Cui, Heming and Gu, Rui and Liu, Cheng and Chen, Tianyu and Yang, Junfeng},
    pages = {105--120},
    isbn = {9781450338349},
    doi = {10.1145/2815400.2815427},
    keywords = {deterministic multithreading, fault tolerance, software reliability, stable and, state machine replication}
}

@article{vandenHooff2015Vuvuzela,
    title = {{Vuvuzela}},
    year = {2015},
    journal = {Proceedings of the 25th Symposium on Operating Systems Principles - SOSP '15},
    author = {van den Hooff, Jelle and Lazar, David and Zaharia, Matei and Zeldovich, Nickolai},
    pages = {137--152},
    url = {http://dl.acm.org/citation.cfm?id=2815400.2815417},
    isbn = {9781450338349},
    doi = {10.1145/2815400.2815417}
}

@article{Biswas2015Large-scaleBehavior,
    title = {{Large-scale Measurements of Wireless Network Behavior}},
    year = {2015},
    journal = {Proceedings of the 2015 ACM Conference on Special Interest Group on Data Communication - SIGCOMM'15},
    author = {Biswas, Sanjit and Bicket, John and Wong, Edmund and Musaloiu-E, Raluca and Bhartia, Apurv and Aguayo, Dan},
    pages = {153--165},
    url = {http://dl.acm.org/citation.cfm?doid=2785956.2787489},
    isbn = {978-1-4503-3542-3},
    doi = {10.1145/2785956.2787489},
    issn = {01464833},
    keywords = {802.11, large-scale measurements, network usage data}
}

@article{Ristenpart2009HeyClouds,
    title = {{Hey , You , Get Off of My Cloud : Exploring Information Leakage in Third-Party Compute Clouds}},
    year = {2009},
    author = {Ristenpart, Thomas and Tromer, Eran and Savage, Stefan},
    pages = {199--212},
    isbn = {9781605583525},
    keywords = {cloud computing, side channels, virtual machine security}
}

@article{Ratnasamy2015DeepTraffic,
    title = {{Deep Packet Inspection over Encrypted Traffic}},
    year = {2015},
    journal = {Acm Sigcomm},
    author = {Ratnasamy, Justine Sherry and Chang Lan and Raluca Ada Popa and Sylvia},
    pages = {213--226},
    isbn = {9781450335423},
    doi = {10.1145/2785956.2787502},
    issn = {01464833},
    keywords = {middlebox privacy, network privacy, searchable encryption}
}

@article{Yin2015AHTTP,
    title = {{A Control-Theoretic Approach for Dynamic Adaptive Video Streaming over HTTP}},
    year = {2015},
    journal = {The 2015 ACM Conference on Special Interest Group on Data Communication (SIGCOMM)},
    author = {Yin, Xiaoqi and Jindal, Abhishek and Sekar, Vyas and Sinopoli, Bruno},
    pages = {325--338},
    isbn = {9781450335423},
    doi = {10.1145/2785956.2787486},
    issn = {0146-4833},
    keywords = {bitrate adaptation, dash, internet video, model predictive}
}

@article{Tang2015HolisticFacebook,
    title = {{Holistic configuration management at Facebook}},
    year = {2015},
    journal = {Symposium on Operating Systems Principles (SOSP)},
    author = {Tang, Chunqiang and Kooburat, Thawan and Venkatachalam, Pradeep and Chandler, Akshay and Wen, Zhe and Narayanan, Aravind and Dowell, Patrick and Karl, Robert},
    pages = {328--343},
    url = {http://sigops.org/sosp/sosp15/current/2015-Monterey/printable/008-tang.pdf},
    isbn = {9781450338349},
    doi = {10.1145/2815400.2815401}
}

@article{Zhu2015Packet-LevelNetworks,
    title = {{Packet-Level Telemetry in Large Datacenter Networks}},
    year = {2015},
    journal = {Sigcomm 2015},
    author = {Zhu, Yibo and Kang, Nanxi and Cao, Jiaxin and Greenberg, Albert and Lu, Guohan and Mahajan, Ratul and Maltz, Dave and Yuan, Lihua and Zhang, Ming and Zhao, Ben Y and Zheng, Haitao},
    pages = {479--491},
    url = {Microsoft{\textbackslash}nU. C. Santa Barbara{\textbackslash}nPrinceton University},
    isbn = {9781450335423},
    doi = {10.1145/2785956.2787483},
    keywords = {datacenter network, failure detection, probe}
}

@article{Zaki2015AdaptiveNetworks,
    title = {{Adaptive Congestion Control for Unpredictable Cellular Networks}},
    year = {2015},
    journal = {The 2015 ACM Conference on Special Interest Group on Data Communication (SOGCOMM)},
    author = {Zaki, Yasir and P{\"{o}}tsch, Thomas and Chen, Jay and G{\"{o}}rg, Carmelita},
    pages = {509--522},
    isbn = {9781450335423},
    doi = {10.1145/2785956.2787498},
    keywords = {cellular network, congestion control, transport proto-}
}

@article{Tsai2015HowCache,
    title = {{How to get more value from your file system directory cache}},
    year = {2015},
    journal = {Symposium on Operating Systems Principles (SOSP)},
    author = {Tsai, Chia-Che and Zhan, Yang and Reddy, Jayashree and Jiao, Yizheng and Zhang, Tao and Porter, Donald E.},
    pages = {441--456},
    url = {http://sigops.org/sosp/sosp15/current/2015-Monterey/printable/057-tsai.pdf},
    isbn = {9781450338349},
    doi = {10.1145/2815400.2815405}
}

@article{Chadha2015TREND:Detection,
    title = {{TREND: Trust estimation system for wireless networks via multi-pronged detection}},
    year = {2015},
    journal = {Proceedings - IEEE Military Communications Conference MILCOM},
    author = {Chadha, Ritu and Ghosh, Abhrajit and Poylisher, Alexander and Serban, Constantin},
    pages = {13--18},
    volume = {2015-Decem},
    isbn = {9781509000739},
    doi = {10.1109/MILCOM.2015.7357411},
    keywords = {802.11, MANET, OLSR, control plane attacks, trust propagation, wireless networking}
}

@article{JaredJ.ThompsonKennethM.Hopkinson2015ASystems,
    title = {{A TestMethodology for Evaluating Cognitive Radio Systems}},
    year = {2015},
    journal = {IEEE Transactions on Wireless Communications},
    author = {Jared J.Thompson, Kenneth M.Hopkinson, Mark D.Silvius},
    number = {11},
    pages = {6311--6324},
    volume = {14},
    isbn = {9783800729098}
}

@article{Pagliari2015InsiderData,
    title = {{Insider Attack Detection using Weak Indicators over Network Flow Data}},
    year = {2015},
    author = {Pagliari, Roberto and Ghosh, Abhrajit and Gottlieb, Yitzchak M and Chadha, Ritu and Vashist, Akshay and Hadynski, Gregory},
    pages = {1--6},
    isbn = {9781509000739},
    doi = {10.1109/MILCOM.2015.7357409}
}

@article{Soltani2015DistributedTestbed,
    title = {{Distributed cognitive radio network architecture, SDR implementation and emulation testbed}},
    year = {2015},
    journal = {Proceedings - IEEE Military Communications Conference MILCOM},
    author = {Soltani, Sohraab and Sagduyu, Yalin and Shi, Yi and Li, Jason and Feldman, Jared and Matyjas, John},
    pages = {438--443},
    volume = {2015-Decem},
    isbn = {9781509000739},
    doi = {10.1109/MILCOM.2015.7357482},
    keywords = {Cognitive radio network, GNU Radio, USRP, cross-layer design, distributed coordination, emulation, implementation, network optimization, software-defined radio, testbed}
}

@article{Huang2015DistributedNetworks,
    title = {{Distributed and Dynamic Spectrum Management in Airborne Networks}},
    year = {2015},
    author = {Huang, Zhichuan and Corrigan, David and Narayanan, Sandeep and Zhu, Ting and Bentley, Elizabeth and Medley, Michael},
    pages = {807--812},
    isbn = {9781509000739}
}

@article{Hussain2015CovertNetworks,
    title = {{Covert Communication based Privacy Preservation in Mobile Vehicular Networks}},
    year = {2015},
    author = {Hussain, Rasheed and Kim, Donghyun and Tokuta, Alade O and Melikyan, Hayk M and Oh, Heekuck},
    pages = {55--60},
    isbn = {9781509000739},
    keywords = {bea-, conditional privacy, cons, covert communication, pseudonyms, vanet}
}

@article{Zhang2015EfficientSetting,
    title = {{Efficient Keyword Search for Public-Key Setting}},
    year = {2015},
    author = {Zhang, Rui and Xue, Rui},
    pages = {1236--1241},
    isbn = {9781509000739}
}

@article{Shen2015AData,
    title = {{A Similarity Evaluation Algorithm and Its Application in Multi-Keyword Search on Encrypted Cloud Data}},
    year = {2015},
    author = {Shen, Peisong and Chen, Chi and Tian, Xue and Tian, Jing},
    pages = {1218--1223},
    isbn = {9781509000739},
    keywords = {ciphertext search, encryption, multi-keyword search, searchable symmetric, similarity evaluation}
}

@article{Wang2015AnNetworks,
    title = {{An implementation of a flexible topology management system for aerial high capacity directional networks}},
    year = {2015},
    journal = {Proceedings - IEEE Military Communications Conference MILCOM},
    author = {Wang, Joy and Deutsch, Patricia and Coyle, Andrea and Shake, Thomas and Cheng, Bow Nan},
    pages = {991--996},
    volume = {2015-Decem},
    isbn = {9781509000739},
    doi = {10.1109/MILCOM.2015.7357574},
    keywords = {Algorithm design and analysis, Antennas, Heuristic algorithms, Network topology, Peer-to-peer computing, Synchronization, Topology}
}

@article{Ghemawat2003Google_File_System,
    title = {{Google{\_}File{\_}System}},
    year = {2003},
    author = {Ghemawat, Sanjay and Gobioff, Howard and Leung, Shun-tak},
    isbn = {1581137575},
    doi = {10.1145/1165389.945450},
    issn = {01635980},
    pmid = {191},
    arxivId = {z0024},
    keywords = {clustered storage, data storage, fault tolerance, scalability}
}

@article{Roy2015InsideNetwork,
    title = {{Inside the Social Network ’ s ( Datacenter ) Network}},
    year = {2015},
    journal = {Sigcomm 2015},
    author = {Roy, Arjun and Zeng, Hongyi and Bagga, Jasmeet and Porter, George and Snoeren, Alex C},
    pages = {123--137},
    url = {University of California{\textbackslash}nFacebook},
    isbn = {9781450335423},
    doi = {10.1145/2829988.2787472},
    issn = {01464833},
    keywords = {datacenter traffic patterns}
}

@article{Durairajan2015InterTubesInfrastructure,
    title = {{InterTubes : A Study of the US Long-haul Fiber-optic Infrastructure}},
    year = {2015},
    author = {Durairajan, Ramakrishnan and Barford, Paul and Sommers, Joel and Willinger, Walter},
    isbn = {9781450335423},
    doi = {10.1145/2785956.2787499},
    keywords = {1 the constructed long-haul, are, community through the u, dhs, long-haul fiber map, map along with datasets, openly available to the, risk mitigation, s, shared risk}
}

@article{Ac2015HowCache,
    title = {{How to Get More Value From Your File System Directory Cache}},
    year = {2015},
    journal = {Symposium on Operating Systems Principles (SOSP)},
    author = {Ac, A C M and Biswas, Sanjit and Bicket, John and Wong, Edmund and Musaloiu-E, Raluca and Bhartia, Apurv and Aguayo, Dan and Blond, Stevens Le and Choffnes, David and Caldwell, William and Druschel, Peter and Merritt, Nicholas and Calder, Brad and Wang, Ju Joy and Ogus, Aaron and Nilakantan, Niranjan and Skjolsvold, Arild and Mckelvie, Sam and Xu, Yikang and Srivastav, Shashwat and Wu, Jiesheng and Simitci, Huseyin and Haridas, Jaidev and Uddaraju, Chakravarthy and Khatri, Hemal and Edwards, Andrew and Bedekar, Vaman and Mainali, Shane and Abbasi, Rafay and Agarwal, Amit Arpit and Fahim, Mian and Ikram, Muhammad and Bhardwaj, Deepali and Dayanand, Sowmya and Adusumilli, Anitha and Mcnett, Marvin and Sankaran, Sriram and Manivannan, Kavitha and Rigas, Leonidas and Chadha, Ritu and Ghosh, Abhrajit and Poylisher, Alexander and Serban, Constantin and Cui, Heming and Gu, Rui and Liu, Cheng and Chen, Tianyu and Yang, Junfeng and DeCandia, Giuseppe and Hastorun, Deniz and Jampani, Madan and Kakulapati, Gunavardhan and Lakshman, Avinash and Pilchin, Alex and Sivasubramanian, Swaminathan and Vosshall, Peter and Vogels, Werner and Haeberlen, Andreas and Aditya, Paarijaat and Rodrigues, Rodrigo and Druschel, Peter and Huang, Zhichuan and Corrigan, David and Narayanan, Sandeep and Zhu, Ting and Bentley, Elizabeth and Medley, Michael and Hussain, Rasheed and Kim, Donghyun and Tokuta, Alade O and Melikyan, Hayk M and Oh, Heekuck and Jalaparti, Virajith and Bodik, Peter and Menache, Ishai and Jared J.Thompson, Kenneth M.Hopkinson, Mark D.Silvius and Kumar, Alok and Amarandei-Stavila, Mihai and Robin, Mathieu and Siganporia, Aspi and Stuart, Stephen and Vahdat, Amin and Jain, Sushant and Naik, Uday and Raghuraman, Anand and Kasinadhuni, Nikhil and Zermeno, Enrique Cauich and Gunn, C Stephen and Ai, Jing and Carlin, Björn and Lu, Haonan and Veeraraghavan, Kaushik and Ajoux, Philippe and Hunt, Jim and Song, Yee Jiun and Tobagus, Wendy and Kumar, Sanjeev and Lloyd, Wyatt and Pagliari, Roberto and Ghosh, Abhrajit and Gottlieb, Yitzchak M and Chadha, Ritu and Vashist, Akshay and Hadynski, Gregory and Ratnasamy, Justine Sherry and Chang Lan and Raluca Ada Popa and Sylvia and Ridge, Tom and Sheets, David and Tuerk, Thomas and Giugliano, Andrea and Madhavapeddy, Anil and Sewell, Peter and Ristenpart, Thomas and Tromer, Eran and Savage, Stefan and Shen, Peisong and Chen, Chi and Tian, Xue and Tian, Jing and Singh, Arjun and Ong, Joon and Agarwal, Amit Arpit and Anderson, Glen and Armistead, Ashby and Bannon, Roy and Boving, Seb and Desai, Gaurav and Felderman, Bob and Germano, Paulie and Kanagala, Anand and Provost, Jeff and Simmons, Jason and Tanda, Eiichi and Wanderer, Jim and H{\"{o}}lzle, Urs and Stuart, Stephen and Vahdat, Amin and Tang, Chunqiang and Kooburat, Thawan and Venkatachalam, Pradeep and Chandler, Akshay and Wen, Zhe and Narayanan, Aravind and Dowell, Patrick and Karl, Robert and van den Hooff, Jelle and Lazar, David and Zaharia, Matei and Zeldovich, Nickolai and Wang, Ju Joy and Deutsch, Patricia and Coyle, Andrea and Shake, Thomas and Cheng, Bow Nan and Yin, Xiaoqi and Jindal, Abhishek and Sekar, Vyas and Sinopoli, Bruno and Zhang, Rui and Xue, Rui and Zhu, Yibo and Kang, Nanxi and Cao, Jiaxin and Greenberg, Albert and Lu, Guohan and Mahajan, Ratul and Maltz, Dave and Yuan, Lihua and Zhang, Ming and Zhao, Ben Y and Zheng, Haitao and Zhang, Irene and Sharma, Naveen Kr. and Szekeres, Adriana and Krishnamurthy, Arvind and Ports, Dan R. K. and Zaki, Yasir and P{\"{o}}tsch, Thomas and Chen, Jay and G{\"{o}}rg, Carmelita and Ghemawat, Sanjay and Gobioff, Howard and Leung, Shun-tak and Tsai, Chia-che and Zhan, Yang and Reddy, Jayashree and Jiao, Yizheng and Zhang, Tao and Porter, Donald E and Rhea, Sean and Eaton, Patrick and Geels, Dennis and Weatherspoon, Hakim and Zhao, Ben Y and Kubiatowicz, John and Roy, Arjun and Zeng, Hongyi and Bagga, Jasmeet and Porter, George and Snoeren, Alex C and Durairajan, Ramakrishnan and Barford, Paul and Sommers, Joel and Willinger, Walter and Soltani, Sohraab and Sagduyu, Yalin and Shi, Yi and Li, Jason and Feldman, Jared and Matyjas, John},
    number = {11},
    pages = {29--43},
    volume = {2015-Decem},
    url = {University of California{\textbackslash}nFacebook http://sigops.org/sosp/sosp15/current/2015-Monterey/printable/048-zhang.pdf Microsoft{\textbackslash}nU. C. Santa Barbara{\textbackslash}nPrinceton University http://dl.acm.org/citation.cfm?id=2815400.2815417 http://sigops.org/sosp/sosp15/current/201},
    isbn = {9781509000739},
    doi = {10.1145/2785956.2787498},
    issn = {01464833},
    pmid = {191},
    arxivId = {z0024},
    keywords = {1 the constructed long-haul, 802.11, Algorithm design and analysis, Algorithms, Anonymity networks, Antennas, Cluster schedulers, Cognitive radio network, Cross-layer optimization, Data-intensive applications, Design, GNU Radio, Heuristic algorithms, Intersection attacks, Joint data and compute placement, MANET, Management, Measurement, Network topology, OLSR, Peer-to-peer computing, Performance, Put your keywords here, Reliability, Strong anonymity, Synchronization, Topology, USRP, Voice-over-IP, a llo ca t, a r ea n, are, ba n d w, bea-, bitrate adaptation, cellular network, centralized control and management, ciphertext search, clos topology, cloud computing, cloud storage, clustered storage, community through the u, conditional privacy, congestion control, cons, control plane attacks, covert communication, cross-layer design, dash, data storage, datacenter network, datacenter networks, datacenter traffic patterns, de n ed n, deterministic multithreading, dhs, distributed coordination, distributed storage systems, e t w o, emulation, encryption, fa i r, failure detection, fault tolerance, i d t h, implementation, internet video, ion, large-scale measurements, long-haul fiber map, m a x -min, map along with datasets, merchant silicon, middlebox privacy, model predictive, multi-keyword search, network optimization, network privacy, network usage data, openly available to the, probe, pseudonyms, r e -, r k, r k s, risk mitigation, s, s o w a, scalability, searchable encryption, searchable symmetric, shared risk, side channels, similarity evaluation, software reliability, software-defined radio, stable and, state machine replication, testbed, transport proto-, trust propagation, vanet, virtual machine security, w i de -, windows azure, wireless networking}
}

@article{Hussain2015PiS,
    title = {{Pi v o t Tr ac ing : D y n a mi c Ca us a l Moni t o r ing f o r D i str i b ut ed S y st e m s}},
    year = {2015},
    author = {Hussain, Rasheed and Kim, Donghyun and Tokuta, Alade O and Melikyan, Hayk M and Oh, Heekuck and Shen, Peisong and Chen, Chi and Tian, Xue and Tian, Jing and Zhang, Rui and Xue, Rui and Ac, A C M},
    pages = {55--60},
    isbn = {9781509000739},
    keywords = {bea-, ciphertext search, conditional privacy, cons, covert communication, encryption, multi-keyword search, pseudonyms, searchable symmetric, similarity evaluation, vanet}
}

@misc{Milestone,
    title = {{milestone}}
}

@misc{VideoSurveillance,
    title = {{Video Surveillance}},
    url = {https://www.videosurveillance.com/traffic.asp}
}

@misc{DatastaxIntroductionCassandra,
    title = {{Introduction to Apache Cassandra}},
    author = {{Datastax}},
    url = {http://www.datastax.com/wp-content/uploads/2012/08/WP-IntrotoCassandra.pdf?1}
}

@misc{RPGillepsieGeneratePython,
    title = {{Generate a quick and easy custom pcap file using Python}},
    author = {{RPGillepsie}},
    url = {http://www.codeproject.com/Tips/612847/Generate-a-quick-and-easy-custom-pcap-file-using-P}
}

@misc{SchiphorstBlueInnovations,
    title = {{Blue Mark Innovations}},
    author = {Schiphorst, Roel},
    url = {https://bluemark.io/aboutus/}
}

@article{Lakshman2010CassandraSystem,
    title = {{Cassandra - A Decentralized Structured Storage System}},
    year = {2010},
    journal = {ACM SIGOPS Operating Systems Review},
    author = {Lakshman, Avinash and Malik, Prashant},
    number = {2},
    pages = {35},
    volume = {44},
    url = {http://dl.acm.org/citation.cfm?id=1773912.1773922},
    isbn = {9781605583969},
    doi = {10.1145/1773912.1773922},
    issn = {01635980}
}

@article{Pang2007802.Fingerprinting,
    title = {{802. 11 User Fingerprinting}},
    year = {2007},
    journal = {Proceedings of the 13th Annual ACM International Conference on Mobile Computing and Networking},
    author = {Pang, Jeffrey and Greenstein, Ben and Gummadi, Ramakrishna and Srinivasan, Seshan and Wetherall, David},
    pages = {99--110},
    volume = {9},
    isbn = {9781595936813},
    keywords = {11, 802, anonymity, privacy, wireless}
}

@article{Carlotto2008ProximitySimilarity,
    title = {{Proximity classification for mobile devices using wi-fi environment similarity}},
    year = {2008},
    journal = {Proceedings of the first ACM international workshop on Mobile entity localization and tracking in GPS-less environments - MELT '08},
    author = {Carlotto, Alessandro and Parodi, Matteo and Bonamico, Carlo and Lavagetto, Fabio and Valla, Massimo},
    pages = {43},
    url = {http://dl.acm.org/citation.cfm?id=1410012.1410023},
    isbn = {9781605581897},
    doi = {10.1145/1410012.1410023},
    keywords = {location-based services, proximiry measurement, wi-fi}
}

@article{Cunche2014LinkingRequests,
    title = {{Linking wireless devices using information contained in Wi-Fi probe requests}},
    year = {2014},
    journal = {Pervasive and Mobile Computing},
    author = {Cunche, Mathieu and Kaafar, Mohamed Ali and Boreli, Roksana},
    pages = {56--69},
    volume = {11},
    url = {http://dx.doi.org/10.1016/j.pmcj.2013.04.001},
    doi = {10.1016/j.pmcj.2013.04.001},
    issn = {15741192},
    keywords = {IEEE 802.11, Link prediction, Privacy, Social matching systems, Wi-Fi}
}

@article{Bonne2013WiFiPi:Events,
    title = {{WiFiPi: Involuntary tracking of visitors at mass events}},
    year = {2013},
    journal = {2013 IEEE 14th International Symposium on a World of Wireless, Mobile and Multimedia Networks, WoWMoM 2013},
    author = {Bonne, Bram and Barzan, Arno and Quax, Peter and Lamotte, Wim},
    isbn = {9781467358279},
    doi = {10.1109/WoWMoM.2013.6583443},
    keywords = {Mobile ad hoc networks, mobile communication, privacy, simulation, wireless lan, wireless networks}
}

@article{Narayanan2009De-anonymizingNetworks,
    title = {{De-anonymizing Social Networks}},
    year = {2009},
    journal = {2009 30th IEEE Symposium on Security and Privacy},
    author = {Narayanan, Arvind and Shmatikov, Vitaly},
    pages = {173--187},
    url = {http://ieeexplore.ieee.org/lpdocs/epic03/wrapper.htm?arnumber=5207644},
    isbn = {978-0-7695-3633-0},
    doi = {10.1109/SP.2009.22},
    arxivId = {0903.3276}
}

@article{Chaboya2006NetworkEvasion,
    title = {{Network Intrusion Detection: Automated and Manual Methods Prone to Attack and Evasion}},
    year = {2006},
    journal = {IEEE Security and Privacy Magazine},
    author = {Chaboya, David and Raines, Richard and Baldwin, Rusty and Mullins, Barry},
    number = {6},
    pages = {36--43},
    volume = {4},
    url = {http://ieeexplore.ieee.org/xpls/abs{\_}all.jsp?arnumber=4042655{\textbackslash}nhttp://ieeexplore.ieee.org/lpdocs/epic03/wrapper.htm?arnumber=4042655},
    doi = {10.1109/MSP.2006.159},
    issn = {1540-7993}
}

@book{IEEE2012IEEESpecifications,
    title = {{IEEE Standard for Information technology--Telecommunications and information exchange between systems Local and metropolitan area networks--Specific requirements Part 11: Wireless LAN Medium Access Control (MAC) and Physical Layer (PHY) Specifications}},
    year = {2012},
    booktitle = {IEEE Std 802.11-2012 (Revision of IEEE Std 802.11-2007)},
    author = {{IEEE}},
    number = {March},
    pages = {2793},
    volume = {2012},
    url = {http://ieeexplore.ieee.org/servlet/opac?punumber=6178209},
    isbn = {9780738172453},
    doi = {10.1109/IEEESTD.2012.6178212},
    keywords = {2.4 GHz, 3650 MHz, 4.9 GHz, 5 GHz, 5.9 GHz, AES, CCMP, CSMA/CA, Cipher-block chaining Message authentication code, Counter mode with, DFS, E911, IEEE 802.11, LAN, MAC, MIH, MIMO, MIMO-OFDM, PHY, QoS, QoS mapping, RF, SSP, SSPN, TKIP, TPC, WLAN, advanced encryption standard, carrier sense multiple access/collision avoidance, channel switching, confidentiality, direct link, dynamic frequency selection, emergency alert system, emergency services, forwarding, generic advertisement service, high throughput, interface, international roaming, interworking, interworking with external networks, local area network, measurement, media-independent handover, medium access control, medium access controller, mesh, multi-hop, multiple input multiple output, network advertisement, network discovery, network management, network selection, off-channel direct link, path-selection, physical layer, power saving, quality of service, radio, radio frequency, radio management, radio resource, subscriber service provider, temporal key integrity protocol, transmit power control, tunneled direct link setup, wireless LAN, wireless access in vehicular environments, wireless local area network, wireless network management, zero-knowledge proof}
}

@article{LuTan2010FutureThings,
    title = {{Future internet: The Internet of Things}},
    year = {2010},
    journal = {2010 3rd International Conference on Advanced Computer Theory and Engineering(ICACTE)},
    author = {{Lu Tan} and {Neng Wang}},
    pages = {5--376},
    url = {http://ieeexplore.ieee.org/lpdocs/epic03/wrapper.htm?arnumber=5579543},
    isbn = {978-1-4244-6539-2},
    doi = {10.1109/ICACTE.2010.5579543},
    issn = {2154-7491},
    keywords = {-internet}
}

@article{Cyr2014SecurityFitbit,
    title = {{Security Analysis of Wearable Fitness Devices (Fitbit)}},
    year = {2014},
    journal = {Massachusetts Institute of Technology},
    author = {Cyr, Britt and Horn, Webb and Miao, Daniela and Specter, Michael},
    pages = {1--14},
    url = {http://courses.csail.mit.edu/6.857/2014/files/17-cyrbritt-webbhorn-specter-dmiao-hacking-fitbit.pdf}
}

@article{Einhorn2012Mira-middlewareApplications,
    title = {{Mira-middleware for robotic applications}},
    year = {2012},
    journal = {Intelligent Robots and {\ldots}},
    author = {Einhorn, Erik and Langner, Tim},
    number = {Iros},
    pages = {2591--2598},
    url = {http://ieeexplore.ieee.org/xpls/abs{\_}all.jsp?arnumber=6385959},
    keywords = {Distributed Robot Systems, Middleware and Programming Envir, Programming Environment, Robotic Software}
}

@article{Kim2008WhenStandard,
    title = {{When HART goes wireless: Understanding and implementing the WirelessHART standard}},
    year = {2008},
    journal = {IEEE International Conference on Emerging Technologies and Factory Automation, ETFA},
    author = {Kim, Anna N. and Hekland, Fredrik and Petersen, Stig and Doyle, Paula},
    pages = {899--907},
    isbn = {1424415063},
    doi = {10.1109/ETFA.2008.4638503}
}

@article{Narayanan2011LocationTesting,
    title = {{Location Privacy via Private Proximity Testing}},
    year = {2011},
    journal = {Proc of NDSS},
    author = {Narayanan, Arvind},
    pages = {1--21},
    url = {http://randomwalker.info/misc/ccs-location-privacy.pdf}
}

@article{Mace2015PivotSystems,
    title = {{Pivot Tracing: Dynamic causal monitoring for distributed systems}},
    year = {2015},
    journal = {Symposium on Operating Systems Principles (SOSP)},
    author = {Mace, Jonathan and Roelke, Ryan and Fonseca, Rodrigo and Mace, Jonathon; Roelke, Ryan; Fonseca, Rodrigo},
    pages = {378--393},
    url = {http://sigops.org/sosp/sosp15/current/2015-Monterey/printable/122-mace.pdf}
}

@article{Narayanan2006HowDataset,
    title = {{How To Break Anonymity of the Netflix Prize Dataset}},
    year = {2006},
    author = {Narayanan, Arvind and Shmatikov, Vitaly},
    url = {http://arxiv.org/abs/cs/0610105},
    arxivId = {cs/0610105}
}

@inproceedings{Luzio2016MindRequests,
    title = {{Mind Your Probes : De-Anonymization of Large Crowds Through Smartphone WiFi Probe Requests}},
    year = {2016},
    booktitle = {IEEE INFOCOM 2016},
    author = {Luzio, Adriano Di and Mei, Alessandro and Stefa, Julinda}
}

@article{Zhang2015BuildingReplication,
    title = {{Building consistent transactions with inconsistent replication}},
    year = {2015},
    journal = {Symposium on Operating Systems Principles (SOSP)},
    author = {Zhang, Irene and Sharma, Naveen Kr. and Szekeres, Adriana and Krishnamurthy, Arvind and Ports, Dan R. K.},
    pages = {263--278},
    url = {http://sigops.org/sosp/sosp15/current/2015-Monterey/printable/048-zhang.pdf},
    isbn = {9781450338349},
    doi = {10.1145/2815400.2815404},
    issn = {01635700}
}

@article{Versichele2012TheFestivities,
    title = {{The use of Bluetooth for analysing spatiotemporal dynamics of human movement at mass events: A case study of the Ghent Festivities}},
    year = {2012},
    journal = {Applied Geography},
    author = {Versichele, Mathias and Neutens, Tijs and Delafontaine, Matthias and Van de Weghe, Nico},
    number = {2},
    month = {3},
    pages = {208--220},
    volume = {32},
    url = {http://www.sciencedirect.com/science/article/pii/S0143622811000944},
    doi = {10.1016/j.apgeog.2011.05.011},
    issn = {01436228},
    keywords = {Bluetooth, Geographical information systems, Geographical information technology, Mass event, Tracking}
}

@article{Toubiana2010AdnosticAdvertising,
    title = {{Adnostic : Privacy Preserving Targeted Advertising}},
    year = {2010},
    journal = {Proceedings of the NDSS Symposium 2010},
    author = {Toubiana, Vincent and Narayanan, Arvind and Boneh, Dan and Nissenbaum, Helen and Barocas, Solon},
    pages = {1--21},
    url = {http://www.internetsociety.org/doc/adnostic-privacy-preserving-targeted-advertising}
}

@article{Pietzuch2002Hermes:Architecture,
    title = {{Hermes: a distributed event-based middleware architecture}},
    year = {2002},
    journal = {22nd International Conference on Distributed Computing Systems Workshops (ICDCS 2002)},
    author = {Pietzuch, P.R. and Bacon, J.M.},
    pages = {611--618},
    url = {http://ieeexplore.ieee.org/ielx5/8010/22138/01030837.pdf?tp={\&}arnumber=1030837{\&}isnumber=22138{\textbackslash}nhttp://ieeexplore.ieee.org/xpls/abs{\_}all.jsp?arnumber=1030837{\textbackslash}nhttp://ieeexplore.ieee.org/stamp/stamp.jsp?tp={\&}arnumber=1030837},
    isbn = {0-7695-1588-6},
    doi = {10.1109/ICDCSW.2002.1030837},
    pmid = {531283}
}

@article{Rhea2003Pond:Kubiatowicz,
    title = {{Pond: the OceanStore Prototype - Rhea, Eaton, Geels, Weatherspoo, Zhao, Kubiatowicz}},
    year = {2003},
    journal = {Proceedings of the 2nd USENIX Conference on File and Storage Technologies},
    author = {Rhea, Sean and Eaton, Patrick and Geels, Dennis and Weatherspoon, Hakim and Zhao, Ben and Kubiatowicz, John},
    pages = {1–14},
    url = {https://www.usenix.org/legacy/events/fast03/tech/rhea.html{\textbackslash}nhttps://www.usenix.org/legacy/events/fast03/tech/rhea/rhea.pdf},
    doi = {10.1.1.12.2441}
}

@inproceedings{Rose2010MappingArgos,
    title = {{Mapping the urban wireless landscape with Argos}},
    year = {2010},
    booktitle = {Proceedings of the 8th ACM Conference on Embedded Networked Sensor Systems - SenSys '10},
    author = {Rose, Ian and Welsh, Matt},
    month = {11},
    pages = {323},
    publisher = {ACM Press},
    url = {http://dl.acm.org/citation.cfm?id=1869983.1870015},
    address = {New York, New York, USA},
    isbn = {9781450303446},
    doi = {10.1145/1869983.1870015},
    keywords = {802.11, outdoor monitoring, wireless networks}
}

@misc{HeatMapperOffices,
    title = {{HeatMapper | Free Wi-Fi coverage mapping software for homes and small offices}},
    url = {http://www.ekahau.com/wifidesign/ekahau-heatmapper}
}

@article{Cunche2014IWi-Fi,
    title = {{I know your MAC address: targeted tracking of individual using Wi-Fi}},
    year = {2014},
    journal = {Journal of Computer Virology and Hacking Techniques},
    author = {Cunche, Mathieu},
    number = {4},
    pages = {219--227},
    volume = {10},
    url = {http://link.springer.com/10.1007/s11416-013-0196-1},
    isbn = {2274-2042, 2263-8733},
    doi = {10.1007/s11416-013-0196-1},
    issn = {2263-8733}
}

@misc{WiresharkDeep.,
    title = {{Wireshark {\textperiodcentered} Go Deep.}},
    url = {https://www.wireshark.org/}
}

@article{Xu2012UserLans,
    title = {{User Identification and Anonymization in 802.11 Wireless Lans}},
    year = {2012},
    journal = {Security and Communication Networks},
    author = {Xu, Dingbang and Wang, Yu and Shi, Xinghua and Yin, Xiaohang},
    pages = {15--27},
    volume = {5},
    isbn = {1111010110111},
    doi = {10.1002/sec},
    issn = {1939-0114},
    arxivId = {0806.0557}
}

@article{Abramova2013NoSQLCassandra,
    title = {{NoSQL databases: MongoDB vs cassandra}},
    year = {2013},
    journal = {Proceedings of the International C* Conference on Computer Science and Software Engineering, ACM 2013},
    author = {Abramova, Veronika and Bernardino, Jorge},
    pages = {14--22},
    isbn = {1450319769},
    doi = {10.1145/2494444.2494447},
    keywords = {database management systems, dbms, nosql databases}
}

@misc{YahooBenchmark,
    title = {{Yahoo Cloud Serving Benchmark}},
    url = {https://research.yahoo.com/news/yahoo-cloud-serving-benchmark}
}

@misc{ApacheCases,
    title = {{Apache Cassandra Use Cases}},
    url = {http://www.planetcassandra.org/apache-cassandra-use-cases/}
}

@misc{VanRyswykMulti-DatacenterPis,
    title = {{Multi-Datacenter Cassandra on 32 Raspberry Pi's}},
    author = {Van Ryswyk, Brandon},
    url = {http://www.datastax.com/dev/blog/32-node-raspberry-pi-cassandra-cluster}
}

@misc{tcpdumpTcpdump/LibpcapRepository,
    title = {{Tcpdump/Libpcap public repository}},
    author = {{tcpdump}},
    publisher = {Tcpdump},
    url = {http://www.tcpdump.org/linktypes.html}
}

@misc{ScapyReference,
    title = {{scapy 2.3.1 / scapy.layers.dot11.Dot11ProbeReq Class Reference}},
    url = {https://fossies.org/dox/scapy-2.3.1/classscapy{\_}1{\_}1layers{\_}1{\_}1dot11{\_}1{\_}1Dot11ProbeReq.html}
}

@misc{Aircrack-ng,
    title = {{Aircrack-ng}},
    url = {https://www.aircrack-ng.org/}
}

@misc{AirSnortHomepage,
    title = {{AirSnort Homepage}},
    url = {http://faculty.ccri.edu/jbernardini/JB-Website/ETEK1500/LinuxTools/AirSnort{\%}20Homepage.htm}
}

@misc{ApacheOpenOffice,
    title = {{Apache OpenOffice}},
    url = {https://www.openoffice.org/}
}

@book{WrightJoshuaCache2015HackingSolutions,
    title = {{Hacking Exposed(TM) Wireless: Wireless Security Secrets and Solutions}},
    year = {2015},
    author = {Wright, Joshua; Cache, Johnny},
    editor = {Schailer, Brandi; Medin, Tim; Ryan, Mike; Bourdon, Jean-Louis},
    edition = {3},
    pages = {519},
    publisher = {McGraw-Hill Education},
    address = {New York},
    isbn = {978-0-07-182763-8}
}

@misc{ThePage,
    title = {{The Apache Cassandra Project - Download Page}},
    url = {http://cassandra.apache.org/download/}
}

@misc{ApacheComputing,
    title = {{Apache Spark(TM) - Lightning-Fast Cluster Computing}},
    url = {http://spark.apache.org/}
}

@misc{KeebleCasual2013,
    title = {{Casual Encounters (2013)}},
    author = {Keeble, Edward},
    url = {http://edwardkeeble.com/portfolio/casual-encounters/}
}

@misc{HaighTrackingConnected,
    title = {{Tracking people via Wifi (even when not connected)}},
    author = {Haigh, Steven},
    url = {https://www.crc.id.au/tracking-people-via-wifi-even-when-not-connected/}
}

@misc{Nayarasi2014CWAPRequest/Response,
    title = {{CWAP 802.11- Probe Request/Response}},
    year = {2014},
    author = {{Nayarasi}},
    url = {https://mrncciew.com/2014/10/27/cwap-802-11-probe-requestresponse/}
}

@misc{SetupExchange,
    title = {{setup - SD card doesn't works after dd - Raspberry Pi Stack Exchange}},
    url = {http://raspberrypi.stackexchange.com/questions/11880/sd-card-doesnt-works-after-dd}
}

@misc{Tinkernut2014HowYouTube,
    title = {{How To Make A Cluster Computer (Part 1) - YouTube}},
    year = {2014},
    author = {{Tinkernut}},
    url = {https://www.youtube.com/watch?v=1R0UgIgcb5g}
}

@article{Afanasyev2010UsageNetwork,
    title = {{Usage patterns in an urban WiFi network}},
    year = {2010},
    journal = {IEEE/ACM Transactions on Networking},
    author = {Afanasyev, Mikhail and Chen, Tsuwei and Voelker, Geoffrey M. and Snoeren, Alex C.},
    number = {5},
    pages = {1359--1372},
    volume = {18},
    isbn = {1063-6692},
    doi = {10.1109/TNET.2010.2040087},
    issn = {10636692},
    keywords = {Mesh networking, WiFi}
}

@article{Aguayo2004Link-levelNetwork,
    title = {{Link-level Measurements from an 802 . 11b Mesh Network}},
    year = {2004},
    journal = {Sigcomm},
    author = {Aguayo, Daniel and Judd, Glenn and Morris, Robert},
    pages = {121--131},
    isbn = {1581138628},
    doi = {10.1145/1030194.1015482},
    issn = {0146-4833},
    keywords = {11b, 802, mesh, wireless}
}

@article{Willinger2014CSCEMethodology,
    title = {{CSCE 554- Fundamentals of Performance Analysis and Experimental Design Methodology}},
    year = {2014},
    author = {Willinger, C},
    pages = {1--14}
}

@article{EngleDetectingProtocol,
    title = {{Detecting the Presence of an Eavesdropper Using a Simulated Quantum Key Distribution Decoy State Protocol}},
    author = {Engle, Ryan and Env, Afit}
}

@misc{Methodology-paper,
    title = {{methodology-paper}}
}

@article{Montgomery2013DesignEdition,
    title = {{Design and Analysis of Experiments Eighth Edition}},
    year = {2013},
    author = {Montgomery, Douglas C},
    pages = {757},
    isbn = {9781118146927}
}

@misc{RaspberryB,
    title = {{Raspberry Pi 2 Model B}},
    url = {https://www.raspberrypi.org/products/raspberry-pi-2-model-b/}
}

@misc{RaspberryPi,
    title = {{Raspberry Pi 2 on sale now at {\$}35 - Raspberry Pi}},
    url = {https://www.raspberrypi.org/blog/raspberry-pi-2-on-sale/}
}

@misc{BeagleBoard.orgBlack,
    title = {{BeagleBoard.org - black}},
    url = {https://beagleboard.org/black}
}

@misc{LENOVORD650,
    title = {{LENOVO THINKSERVER RD650}},
    url = {http://cc.cnetcontent.com/inlinecontent/production/13/13e03a308886/cnet{\_}4d4c{\_}doc.pdf}
}

@misc{Development/LibpcapFileFormatWiki,
    title = {{Development/LibpcapFileFormat - The Wireshark Wiki}},
    url = {https://wiki.wireshark.org/Development/LibpcapFileFormat}
}

@article{KlemsBenchmarkingKuhlenkamp,
    title = {{Benchmarking Scalability and Elasticity of Distributed Database Systems orn Kuhlenkamp}},
    author = {Klems, Markus and Oss, Oliver}
}

@misc{Category:ComputerEncyclopedia,
    title = {{Category:Computer benchmarks - Wikipedia, the free encyclopedia}},
    url = {https://en.wikipedia.org/wiki/Category:Computer{\_}benchmarks}
}

@misc{HowDataStax,
    title = {{How not to benchmark Cassandra: a case study | DataStax}},
    url = {http://www.datastax.com/dev/blog/how-not-to-benchmark-cassandra-a-case-study}
}

@misc{DatastaxTheTool,
    title = {{The cassandra-stress tool}},
    author = {{Datastax}},
    url = {https://docs.datastax.com/en/cassandra/2.1/cassandra/tools/toolsCStress{\_}t.html}
}

@misc{SercelCassandraMedium,
    title = {{Cassandra on RaspberryPi 2 – Medium}},
    author = {Sercel, John},
    url = {https://medium.com/@johnsercel/cassandra-on-raspberrypi-2-a84602953b23{\#}.2mywozbod}
}

@misc{CassandraDummies,
    title = {{Cassandra Parameters for Dummies}},
    url = {http://www.ecyrd.com/cassandracalculator/}
}

@misc{TheONE,
    title = {{The ONE}},
    url = {https://akeranen.github.io/the-one/}
}

@misc{Ns-3,
    title = {{ns-3}},
    url = {https://www.nsnam.org/}
}

@article{Nurse2014InferringConnections,
    title = {{Inferring Social Relationships from Technology-Level Device Connections}},
    year = {2014},
    author = {Nurse, Jason R C and Pumphrey, Jess and Gibson-Robinson, Thomas and Goldsmith, Michael and Creese, Sadie},
    keywords = {Privacy, device and systems logs, forensics, network visualisation, social network analysis, technology coupling}
}

@misc{StartupOverflow,
    title = {{startup - Cassandra Start up - Stack Overflow}},
    url = {http://stackoverflow.com/questions/14673667/cassandra-start-up}
}

@misc{DS201:Training,
    title = {{DS201: DataStax Enterprise Foundations of Apache Cassandra™ | DataStax Academy: Free Cassandra Tutorials and Training}},
    url = {https://academy.datastax.com/courses/ds201-foundations-apache-cassandra}
}

@book{NeerajMasteringCassandra,
    title = {{Mastering Apache Cassandra : build, manage, and configure high-performing, reliable NoSQL database for your application with Cassandra}},
    author = {Neeraj, Nishant},
    isbn = {9781784392611}
}

@misc{DatastaxPartitioners,
    title = {{Partitioners}},
    author = {{Datastax}},
    url = {https://docs.datastax.com/en/cassandra/2.1/cassandra/architecture/architecturePartitionerAbout{\_}c.html}
}

@misc{ConfiguringCaches,
    title = {{Configuring data caches}},
    url = {https://docs.datastax.com/en/cassandra/1.2/cassandra/operations/ops{\_}configuring{\_}caches{\_}c.html}
}

@misc{TableProperties,
    title = {{Table properties}},
    url = {https://docs.datastax.com/en/cql/3.1/cql/cql{\_}reference/tabProp.html{\#}tabProp{\_}{\_}moreCaching}
}

@misc{LeveledDataStax,
    title = {{Leveled Compaction in Apache Cassandra | DataStax}},
    url = {http://www.datastax.com/dev/blog/leveled-compaction-in-apache-cassandra}
}

@misc{CompressionSubproperties,
    title = {{Compression subproperties}},
    url = {https://docs.datastax.com/en/cql/3.1/cql/cql{\_}reference/compressSubprop.html{\#}compressSubprop{\_}{\_}moreSstableCompression}
}

@misc{OracleOracleConfigurations,
    title = {{Oracle JDK 8 and JRE 8 Certified System Configurations}},
    author = {{Oracle}},
    url = {http://www.oracle.com/technetwork/java/javase/certconfig-2095354.html}
}

@misc{Glass2013WhyPi,
    title = {{Why everybody wants a slice of Raspberry Pi}},
    year = {2013},
    booktitle = {Cable News Network (CNN)},
    author = {Glass, Nick (CNN)},
    url = {http://www.cnn.com/2012/12/21/tech/innovation/raspberry-pi-computer-upton/index.html}
}

@misc{BananaAntenna,
    title = {{Banana Pi M3 - BPI-M3 - Octacore A83T ARM Cortex-A7 2GB DDR RAM with WIFI Antenna}},
    url = {http://tinyonesystems.com/products/banana-pi-m3-bpi-m3}
}

@misc{BananaM3,
    title = {{Banana Pi M3}},
    url = {http://www.banana-pi.org/m3.html}
}

@misc{CHIP,
    title = {{CHIP}},
    url = {https://nextthing.co/pages/chip}
}

@misc{NanoPC-T3SBC,
    title = {{NanoPC-T3 - 64-bit Octa-Core A53 SBC}},
    url = {http://www.friendlyarm.com/index.php?route=product/product{\&}product{\_}id=123}
}

@misc{NanoPi2Fire,
    title = {{NanoPi2  Fire}},
    url = {http://www.friendlyarm.com/index.php?route=product/product{\&}product{\_}id=96}
}

@misc{FriendlyARM-NanoPiFire,
    title = {{FriendlyARM-NanoPi 2 Fire}},
    url = {http://nanopi.io/nanopi2-fire.html}
}

@misc{ArduinoIntelEdison,
    title = {{Arduino - IntelEdison}},
    url = {https://www.arduino.cc/en/ArduinoCertified/IntelEdison}
}

@misc{CloudBitElectronics,
    title = {{cloudBit™ - littleBits Electronics}},
    url = {https://littlebits.cc/bits/cloudbit}
}

@misc{Parallella,
    title = {{Parallella}},
    url = {https://www.parallella.org/}
}

@misc{10ZDNet,
    title = {{10 alternatives to the Raspberry Pi - Page 10 | ZDNet}},
    url = {http://www.zdnet.com/pictures/10-alternatives-to-the-raspberry-pi/10/}
}

@misc{CassandraHardwareWiki,
    title = {{CassandraHardware - Cassandra Wiki}},
    url = {https://wiki.apache.org/cassandra/CassandraHardware}
}

@misc{Lofkrantz2013DoBlogs,
    title = {{Do you know Cassandra? | Atlassian Blogs}},
    year = {2013},
    author = {Lofkrantz, Alberto Diego Prieto},
    url = {http://blogs.atlassian.com/2013/09/do-you-know-cassandra/}
}

@misc{DatastaxCompactionSubproperties,
    title = {{Compaction subproperties}},
    author = {{Datastax}},
    url = {https://docs.datastax.com/en/cql/3.1/cql/cql{\_}reference/compactSubprop.html}
}

@misc{DatastaxConfiguringCompaction,
    title = {{Configuring compaction}},
    author = {{Datastax}},
    url = {https://docs.datastax.com/en/cassandra/3.x/cassandra/operations/opsConfigureCompaction.html}
}

@misc{DeepInstaclustr,
    title = {{Deep Diving into cassandra-stress (Part 1) | Instaclustr}},
    url = {https://www.instaclustr.com/blog/2016/08/19/deep-diving-into-cassandra-stress-part-1/}
}

@article{Baun2016MobileResearchers.,
    title = {{Mobile clusters of single board computers: an option for providing resources to student projects and researchers.}},
    year = {2016},
    journal = {SpringerPlus},
    author = {Baun, Christian},
    number = {1},
    pages = {360},
    volume = {5},
    publisher = {Springer International Publishing},
    url = {http://www.scopus.com/inward/record.url?eid=2-s2.0-84961794768{\&}partnerID=tZOtx3y1},
    doi = {10.1186/s40064-016-1981-3},
    issn = {2193-1801},
    pmid = {27064532},
    keywords = {Performance, Single board computers, Speedup}
}

@article{Waddington2016AData,
    title = {{A Fast Lightweight Time-Series Store for IoT Data}},
    year = {2016},
    author = {Waddington, Daniel G and Lin, Changhui},
    arxivId = {arXiv:1605.01435v1}
}

@article{Abramova2014TestingCassandra,
    title = {{Testing Cloud Benchmark Scalability with Cassandra}},
    year = {2014},
    journal = {2014 IEEE World Congress on Services},
    author = {Abramova, Veronika and Bernardino, Jorge and Furtado, Pedro},
    pages = {434--441},
    url = {http://ieeexplore.ieee.org/lpdocs/epic03/wrapper.htm?arnumber=6903301},
    isbn = {978-1-4799-5069-0},
    doi = {10.1109/SERVICES.2014.81},
    issn = {2378-3818}
}

@article{ShiBenchmarkingSystems,
    title = {{Benchmarking Cloud-based Data Management Systems}},
    author = {Shi, Yingjie and Meng, Xiaofeng and Zhao, Jing and Hu, Xiangmei and Liu, Bingbing and Wang, Haiping},
    pages = {47--54},
    isbn = {9781450303804},
    keywords = {benchmark, cloud, data management}
}

@article{Lourenco2015NoApplication,
    title = {{No SQL in Practice: A Write-Heavy Enterprise Application}},
    year = {2015},
    journal = {Proceedings - 2015 IEEE International Congress on Big Data, BigData Congress 2015},
    author = {Lourenco, Joao Ricardo and Abramova, Veronika and Cabral, Bruno and Bernardino, Jorge and Carreiro, Paulo and Vieira, Marco},
    pages = {584--591},
    isbn = {9781467372787},
    doi = {10.1109/BigDataCongress.2015.90},
    keywords = {Big Data, Cassandra, Couchbase, Enterprise, MongoDB, NoSQL, SQL Server, Write-Heavy}
}

@article{Velthuis2015SmallStreaming,
    title = {{Small Data Center using Raspberry Pi 2 for Video Streaming}},
    year = {2015},
    journal = {23th Twente Student Conference on IT},
    author = {Velthuis, P J E},
    keywords = {cloud computing, electricity consumption data, load balancing, raspberry pi 2, small data center, streaming, video}
}

@article{Cooper2010BenchmarkingYCSB,
    title = {{Benchmarking cloud serving systems with YCSB}},
    year = {2010},
    journal = {Proceedings of the 1st ACM symposium on Cloud computing - SoCC '10},
    author = {Cooper, Brian F. and Silberstein, Adam and Tam, Erwin and Ramakrishnan, Raghu and Sears, Russell},
    pages = {143–154},
    isbn = {9781450300360},
    doi = {10.1145/1807128.1807152},
    issn = {9781450300360}
}

@article{Datastax2013BenchmarkingDatabases,
    title = {{Benchmarking Top NoSQL Databases}},
    year = {2013},
    author = {{Datastax}},
    number = {February},
    pages = {11},
    url = {http://www.datastax.com/wp-content/uploads/2013/02/WP-Benchmarking-Top-NoSQL-Databases.pdf}
}

@article{Tso2013TheInfrastructures,
    title = {{The Glasgow raspberry Pi cloud: A scale model for cloud computing infrastructures}},
    year = {2013},
    journal = {Proceedings - International Conference on Distributed Computing Systems},
    author = {Tso, Fung Po and White, David R. and Jouet, Simon and Singer, Jeremy and Pezaros, Dimitrios P.},
    pages = {108--112},
    isbn = {978-1-4799-3248-1},
    doi = {10.1109/ICDCSW.2013.25},
    keywords = {ARM-based Data Centre, Cloud Emulator, Data Centre, Raspberry Pi Cloud}
}

@article{Kiepert2013CreatingCluster,
    title = {{Creating a Raspberry Pi-Based Beowulf Cluster}},
    year = {2013},
    author = {Kiepert, Joshua},
    pages = {16}
}

@misc{DatastaxTuningResources,
    title = {{Tuning Java resources}},
    author = {{Datastax}},
    url = {http://docs.datastax.com/en/cassandra/2.0/cassandra/operations/ops{\_}tune{\_}jvm{\_}c.html}
}

@misc{Scipy.stats.ttest_relGuide,
    title = {{scipy.stats.ttest{\_}rel — SciPy v0.18.1 Reference Guide}},
    url = {https://docs.scipy.org/doc/scipy/reference/generated/scipy.stats.ttest{\_}rel.html}
}

@misc{SignificanceRundowns,
    title = {{Significance Testing (t-tests) | Research Rundowns}},
    url = {https://researchrundowns.com/quantitative-methods/significance-testing/}
}

@misc{SYSSTAT,
    title = {{SYSSTAT}},
    url = {http://sebastien.godard.pagesperso-orange.fr/}
}